3008 4614
672 96 735 164 125

114 291 207 373 pacis
231 291 448 359 conditionem
475 291 659 378 acciperet;
690 293 743 360 cui
774 294 973 374 Alexander,
1002 295 1049 367 Et
1070 317 1133 380 epo,
1165 297 1282 378 inquit,

110 403 286 481 pecuniam
318 421 413 483 quum
443 402 579 485 pharium
607 401 744 481 mallem,
774 401 999 500 siPcrmene'o
1028 423 1133 469 essem
1178 404 1282 469 Intro-

117 505 226 572 ductis
244 505 361 572 deinde
381 505 500 588 legatis
516 507 704 573 Alexander
720 507 763 572 ad
786 508 875 573 hunc
890 507 1019 574 modum
1040 507 1080 574 iis
1096 506 1281 590 respondit:

276 638 434 707 Nuntiate
479 641 589 707 Dareo
633 660 706 726 me,
760 658 844 723 quae
887 640 1024 709 fecerim
1064 642 1281 727 elementer1)

279 750 313 812 et
338 745 531 829 liberaliter,
562 765 625 813 non
655 744 818 814 amicitiae
849 746 917 830 ejus
945 747 1110 831 tribuisse,
1143 749 1202 815 sed
1225 768 1282 814 ua-

279 858 374 920 turae
396 870 497 920 meae.
544 853 670 921 Bellum
694 873 766 920 cum
796 853 937 936 captivis
960 859 994 922 et
1016 853 1145 923 feminis
1169 874 1282 939 gerere

279 977 342 1025 non
365 959 470 1026 soleo:
495 968 639 1026 armatus
656 961 700 1026 sit
724 964 863 1045 oportet,
889 978 985 1041 quem
1007 960 1137 1028 oderim.
1174 961 1280 1046 Quod-

278 1064 308 1131 si
345 1068 463 1133 saltem
502 1086 615 1149 pacem
653 1069 739 1133 bona
777 1067 841 1134 fide
880 1072 1025 1152 peteret,
1066 1069 1280 1137 deliberarem

277 1171 425 1252 forsitan,
461 1191 504 1238 an
533 1174 653 1240 darem.
707 1175 830 1240 Verum
865 1174 1046 1258 enimvero,
1081 1194 1153 1242 cum
1187 1176 1281 1242 modo

277 1278 397 1346 milites
420 1297 508 1346 meos
539 1278 694 1367 litterlsi)
718 1282 759 1346 ad
786 1281 1014 1367 proditionem,
1042 1283 1137 1348 modo
1161 1281 1281 1350 amicos

277 1387 319 1451 ad
341 1384 516 1468 perniciem
541 1405 645 1453 meam
669 1387 807 1470 pecunia
830 1387 991 1472 sollicitet,
1022 1389 1065 1455 ad
1086 1388 1280 1456 internume-

277 1509 350 1558 nem
374 1491 455 1558 mihi
476 1495 721 1575 persequendus
738 1499 798 1578 est,
822 1512 885 1560 non
908 1500 945 1560 ut
963 1495 1071 1578 justus
1086 1494 1199 1576 bostis,
1224 1497 1282 1562 sed

277 1604 313 1665 ut
335 1617 508 1681 percussor
524 1599 700 1667 veneficus.
748 1598 960 1667 Condiciones
975 1619 1055 1671 vero
1071 1601 1176 1688 pacis,
1201 1621 1281 1683 quas

277 1703 427 1788 adfertis,
461 1704 490 1771 si
517 1724 684 1788 accepero,
720 1704 878 1774 victorem
909 1726 982 1774 eum
1012 1706 1147 1775 faciunt.
1193 1707 1281 1792 Quae

277 1815 351 1894 post
378 1812 572 1894 Euphraten
600 1819 690 1894 sunt,
720 1811 901 1880 liberaliter
930 1815 1039 1880 donat.
1084 1815 1149 1882 Ubi
1178 1813 1281 1899 igitur

276 1937 327 1985 me
342 1918 480 1999 adeatis,
505 1917 598 1984 obliti
614 1920 708 1984 estis:
733 1936 847 2000 nempe
862 1919 949 1985 ultra
964 1920 1160 2002 Euphraten
1176 1919 1280 2007 [euml.

277 2023 440 2090 Summum
456 2043 534 2106 ergo
551 2023 648 2108 dotis,
673 2043 769 2105 quam
786 2025 956 2110 promittit,
980 2023 1153 2092 terminum
1170 2032 1281 2093 castra

277 2148 350 2197 mea
367 2139 549 2198 transeunt.
595 2129 682 2197 Hinc
704 2150 756 2198 me
772 2131 934 2214 depellite,
959 2144 996 2200 ut
1011 2133 1110 2200 sciam
1133 2144 1280 2201 vestrum

277 2255 358 2322 esse,
397 2239 483 2319 quod
521 2235 646 2304 ceditis.
704 2237 832 2305 Eadem
868 2237 1068 2306 liberalitate
1107 2240 1165 2305 dat
1202 2239 1281 2308 mihi

275 2343 375 2409 filiam
397 2360 506 2410 suam:
531 2361 647 2427 nempe
676 2363 774 2425 quam
796 2344 863 2412 scio
891 2345 991 2412 alicui
1018 2363 1186 2413 servorum
1210 2347 1280 2430 ejus

276 2457 459 2532 nupturam.
505 2450 609 2517 Multo
631 2469 711 2519 vero
734 2451 813 2517 mibi
834 2458 991 2534 praestat,
1017 2454 1046 2518 si
1069 2471 1119 2518 me
1141 2451 1279 2519 Mazaeo

277 2572 432 2640 generum
466 2555 656 2640 praeponit!
702 2556 769 2641 Ite,
803 2555 954 2623 nuntiate
984 2557 1056 2642 regi
1086 2563 1213 2642 vestro,
1246 2566 1282 2624 et

277 2681 360 2744 quae
393 2664 502 2730 amisit
529 2675 563 2728 et
600 2681 684 2744 quae
723 2664 828 2729 adhuc
858 2664 976 2746 habet,
1008 2664 1168 2754 praemia
1209 2683 1281 2731 esse

275 2768 368 2836 belli:
391 2769 454 2836 hoc
469 2778 607 2852 regente
630 2767 799 2851 utriusque
814 2769 970 2836 terminos
993 2771 1096 2853 regni,
1120 2770 1156 2836 id
1171 2790 1281 2852 quem-

276 2894 339 2958 que
362 2876 559 2961 habitnrum,
584 2877 670 2958 quod
692 2875 860 2960 proximae
875 2877 957 2944 lucis
981 2877 1192 2961 adsignatum
1216 2877 1281 2945 for-

274 2987 355 3050 tuna
378 2990 438 3052 est.

113 3113 179 3182 His
201 3115 366 3198 responsis
391 3115 477 3184 datis
500 3117 689 3184 Alexander
718 3117 761 3182 ad
783 3119 911 3184 bostem
934 3116 1118 3203 coutendit;
1151 3135 1216 3200 qua
1239 3118 1279 3185 de

113 3240 152 3288 re
187 3219 316 3290 Dareus
352 3222 471 3290 certior
506 3222 617 3290 factus
654 3223 830 3290 exercitum
865 3223 897 3290 X
931 3222 1041 3290 stadia
1074 3243 1279 3307 progressum

90 3334 295 3416 ,subsistere
314 3332 422 3417 jussit,
450 3336 488 3399 ut
510 3332 732 3399 Alexandrum
761 3338 978 3417 exspectaret,
1010 3332 1064 3414 qui
1087 3332 1183 3414 paulo
1206 3343 1281 3413 post

113 3457 154 3505 eo
177 3438 329 3520 parvenit
352 3444 527 3520 castraque
549 3438 669 3523 posuit.

204 3543 297 3611 Haec
317 3545 380 3611 hoo
402 3552 582 3628 temporum
606 3543 720 3613 ordine
744 3545 968 3613 Alexandrum
996 3563 1067 3612 cum
1089 3547 1197 3613 Dareo
1221 3563 1280 3626 per
1321 3621 1324 3628 .

111 3655 243 3734 legatos
266 3651 488 3736 epistulasque
511 3652 550 3719 de
568 3669 649 3736 pace
665 3651 773 3735 egisse
788 3654 926 3719 tradunt
941 3655 1074 3720 veteres
1090 3649 1278 3736 scriptores,

203 3881 225 3950 ¹)
244 3881 323 3936 Darei
345 3883 448 3951 legatus
465 3881 568 3936 dixerat
585 3883 707 3934 ‘Dareum
725 3891 756 3933 ut
766 3891 853 3950 pacem
874 3901 891 3932 a
914 3883 1066 3947 testandae
1085 3882 1159 3933 tatio
1173 3889 1277 3952 peteret,

110 3973 185 4022 neella
201 3973 241 4022 vrb
262 3974 365 4039 subegit,
387 3972 432 4021 sed
440 3972 546 4036 sentiet
564 3979 588 4021 et
611 3973 762 4022 continentia
780 3979 825 4022 tua
847 3973 973 4038 expressit.
1010 3971 1119 4022 Matrem
1141 3972 1278 4039 conjugem,

110 4063 200 4112 liberos
217 4062 278 4128 ejice,
296 4061 346 4111 nisi
362 4061 429 4127 qnod
442 4063 495 4110 sine
511 4060 553 4110 illo
569 4067 637 4129 sunt,
651 4068 733 4126 captes
750 4076 856 4112 essenon
873 4061 1005 4114 surinus!

203 4145 558 4218 pereminens
