3008 4614
810 94 852 160 84

252 296 311 376 est,
340 293 415 372 quia
438 290 513 358 inde
538 294 703 358 commoda
720 290 885 376 capiebat;
911 290 1098 356 adulatores
1115 306 1186 355 eum
1203 288 1409 372 appellabant

252 398 357 481 deum,
381 398 439 464 sed
461 395 516 464 ille
531 396 565 462 in
582 415 636 464 eos
652 397 826 481 illudebat,
852 395 1004 466 civitates
1021 395 1170 462 Graecae
1193 413 1257 460 non
1273 394 1410 461 Alexan·
1487 407 1488 488 j

252 503 304 570 dri
322 504 424 588 jussu,
448 506 506 571 sed
528 503 594 572 illis
627 505 829 588 rogantibus,
861 507 916 586 qui
946 503 1141 588 apartibus
1172 502 1240 586 ejus
1271 503 1410 572 stabant,

252 628 354 692 neque
377 618 511 692 propter
535 611 725 680 Hammonis
750 612 927 696 oraculum,
951 613 1010 678 sed
1034 615 1166 694 propter
1189 608 1344 677 virtutem
1368 614 1411 674 at·

252 737 314 798 que
349 717 485 799 gloriam
525 736 597 784 eum
630 718 664 786 iu
703 721 837 786 deorum
876 737 1044 787 numerum
1082 717 1273 784 retulerunt.
1321 715 1410 800 Quod

252 829 361 890 autem
384 822 516 891 luerunt
539 827 593 905 qui
609 844 650 892 ne
667 825 920 893 divinihonores
935 825 965 890 ei
980 824 1206 890 tribuerentur
1219 821 1411 890 obsisterent
1487 805 1488 876 1

252 935 379 997 etcum
404 930 529 998 frustra
557 945 809 1019 repugnassent,
842 932 916 999 illos
952 933 1092 998 honores
1121 931 1302 997 Alexandri
1323 929 1410 1012 jussu

251 1034 282 1104 ei
304 1037 444 1104 tributos
468 1056 540 1106 csse
556 1039 711 1121 dicerent,
737 1058 801 1106 non
824 1037 956 1106 mirum:
982 1037 1100 1105 etenim
1125 1035 1219 1104 iidem
1237 1042 1343 1120 erant,
1362 1037 1412 1116 qni

252 1141 367 1210 eximio
390 1163 454 1211 non
471 1153 539 1211 tam
562 1146 732 1230 Graeciae,
762 1165 856 1227 quam
879 1144 1008 1212 urbium
1032 1162 1163 1210 suarum
1193 1161 1304 1210 amore
1333 1162 1411 1210 com-

251 1249 331 1318 moti
352 1250 540 1335 Philippum
567 1253 643 1318 olim
666 1251 801 1335 ὑβριστὴν
825 1259 859 1319 ei
880 1250 1031 1335 βάρβαρον
1062 1261 1097 1316 et
1123 1247 1248 1331 ὄλεθρον
1279 1251 1411 1332 compel-

250 1357 320 1424 lare
341 1376 406 1424 non
430 1357 629 1426 dubitabant.
674 1360 863 1425 Alexander
886 1370 994 1426 autem
1019 1357 1088 1440 ipse
1112 1376 1177 1425 non
1193 1359 1410 1439 Hammonem,

252 1464 310 1530 sed
325 1463 512 1548 Philippum
529 1466 716 1547 appellabat
730 1469 867 1549 patrem,
891 1466 926 1532 id
942 1467 1028 1546 quod
1044 1483 1115 1529 cum
1132 1463 1205 1530 aliis
1221 1462 1411 1529 testimoniis

251 1570 474 1655 confirmatur,
501 1577 568 1638 tum
585 1571 786 1639 orationibus
809 1571 1022 1655 epistulisque
1038 1576 1136 1651 atque
1152 1569 1249 1636 etiarn
1267 1588 1411 1652 supremo

253 1675 371 1760 officio,
396 1697 458 1758 qno
482 1677 537 1744 ille
553 1677 587 1744 in
602 1683 730 1759 patrem
746 1677 953 1760 fungebatur.
1001 1677 1095 1760 Quod
1110 1677 1212 1760 igitur
1229 1677 1412 1743 Alexander

254 1925 373 1992 Δημοσθ.
392 1926 483 1994 fragm.
503 1925 542 1978 IV
560 1925 649 1994 (VIII)
675 1925 738 1978 facit
757 1924 863 1993 quidem
892 1925 1052 1978 mentionem
1070 1923 1206 1978 Nicanoris
1230 1927 1257 1977 et
1282 1923 1412 1995 exsulum;
1482 1967 1483 1970 1

253 2028 319 2081 quos
343 2012 495 2068 Alexander
521 2013 624 2068 restitui
649 2013 734 2083 jussit,
759 2014 806 2067 sed
833 2014 866 2067 de
884 2012 1026 2066 Alexandri
1048 2013 1241 2066 consecratione
1264 2013 1329 2066 nihil
1346 2013 1411 2068 dicit.
1482 2019 1483 2052 1

252 2101 326 2155 Idem
347 2101 416 2154 κατὰ
434 2103 555 2170 Δημοσθ.
575 2103 669 2171 fragm.
692 2103 759 2156 VIII
778 2103 841 2172 (XI)
863 2102 977 2172 loquitur
1005 2102 1111 2170 quidem
1137 2102 1169 2155 16
1191 2101 1333 2156 Alexandri
1356 2118 1412 2156 oon-
1481 2079 1483 2100 ³

251 2188 396 2244 sacratione
416 2192 443 2244 et
461 2190 494 2244 de
512 2193 599 2245 statua
616 2191 674 2260 ojus
691 2190 854 2258 collocanda3
874 2191 967 2256 στῆσαι
987 2189 1073 2243 εἰκόνα
1091 2187 1259 2261 Ἀλεξάνδρου
1281 2189 1410 2260 βασιλέως,
1482 2187 1483 2196 ’

251 2277 390 2332 Nicanoris
422 2293 525 2347 qnoque
555 2279 716 2334 mentionem
748 2280 841 2334 fecisse
876 2279 988 2348 ridetur,
1019 2278 1065 2331 nai
1100 2277 1273 2349 ἀφικομένου,
1305 2281 1350 2334 661
1377 2280 1410 2332 ab
1484 2325 1485 2336 .

253 2365 402 2421 Alexandro
424 2367 535 2420 missum
553 2383 612 2422 esse
631 2367 798 2438 Nicanorem,
827 2368 872 2436 qui
891 2368 1003 2423 Graecos
1019 2367 1126 2437 juberet
1144 2367 1293 2422 Alexandro
1310 2368 1410 2424 divinos

252 2456 363 2510 honores
382 2455 499 2511 tribuere
518 2473 570 2511 non
588 2457 658 2512 dicit.
696 2457 794 2523 Quodsi
812 2457 972 2512 Schaeferus
991 2460 1067 2528 putat
1084 2457 1227 2526 Hyperidis
1247 2473 1344 2526 versus,
1366 2457 1410 2524 qui

252 2545 601 2613 1661111116661116111111
628 2546 750 2601 mandata
779 2546 948 2615 continuisse,
975 2562 1031 2600 non
1049 2545 1178 2600 assentior
1200 2546 1233 2615 61,
1261 2545 1410 2614 praesertim

251 2649 312 2687 oum
331 2648 416 2702 neque
435 2634 584 2704 Hyperides
602 2634 670 2687 κατὰ
689 2636 810 2703 Appon&
830 2635 921 2702 fragm.
941 2635 980 2688 IV
999 2634 1178 2704 (1111)116]·66
1197 2635 1235 2688 rei
1254 2634 1410 2688 mentionem

251 2723 338 2792 166161,
368 2723 416 2778 6161
445 2724 569 2778 mandata
589 2722 732 2778 Alexandri
760 2724 875 2792 exponit,
903 2739 989 2791 neque
1008 2723 1136 2778 Diodorus
1164 2726 1268 2791 XVIII,
1287 2723 1330 2792 8,2
1354 2737 1409 2790 sqq.

252 2813 297 2880 qui
315 2828 474 2882 quamquam
502 2813 604 2882 copiose
632 2815 659 2867 et
686 2814 808 2866 accurate
835 2811 868 2865 de
887 2811 1017 2866 Nicanore
1045 2814 1072 2865 et
1101 2813 1133 2865 16
1161 2811 1281 2882 epistula,
1312 2812 1410 2878 inqua

252 2900 378 2970 scriptum
398 2881 504 2955 616116
523 2900 659 2956 exsulibus
678 2901 861 2970 restituendis,
891 2903 986 2970 narrat,
1014 2903 1101 2955 tamen
1128 2901 1161 2955 de
1180 2900 1323 2956 Alexandri
1348 2917 1408 2957 con-

252 2988 397 3043 secratione
414 2988 481 3042 nihil
499 2989 575 3058 dioit;
594 2989 638 3058 qui
656 2991 728 3043 66116
747 2991 816 3058 quod
839 2990 928 3044 cetera
945 2992 1066 3044 accurate
1085 2989 1215 3058 exposuit,
1239 2993 1338 3044 tantam
1355 3005 1409 3042 rem

253 3093 307 3132 non
326 3077 554 3148 praetermisisset,
574 3077 598 3132 si
616 3076 769 3132 Alexander
787 3080 844 3132 tum
863 3078 895 3132 de
923 3077 1018 3132 diuinis
1036 3078 1179 3132 honoribus
1198 3079 1246 3132 sibi
1269 3078 1407 3133 tribuendis
1487 3103 1488 3108 .

252 3165 410 3235 scripsisset
448 3167 558 3220 (16161116
578 3182 690 3236 quoque,
710 3167 756 3236 qui
774 3166 903 3236 copiosius
922 3167 1039 3236 disputat
1056 3168 1089 3221 de
1107 3169 1251 3224 Alexandri
1278 3183 1406 3224 consecra·

252 3255 331 3326 tione,
354 3255 431 3311 Alex.
451 3273 477 3310 u.
491 3257 572 3313 Arist.
590 3273 616 3324 p.
636 3256 688 3310 213
707 3271 773 3326 sqq,
792 3256 820 3308 in
835 3271 865 3310 eo
884 3259 961 3326 errat,
981 3256 1058 3325 quod,
1078 3255 1138 3310 ibid.
1151 3272 1177 3324 p.
1192 3257 1251 3327 218,
1271 3256 1407 3312 Clementia

253 3343 425 3399 Alexandrini
443 3344 545 3399 somnia
562 3344 676 3416 Ilphippi
695 3344 813 3414 Olynthii
832 3343 928 3399 fabulis
955 3345 1099 3413 confirmat,
1127 3348 1156 3399 nt
1184 3348 1211 3398 et
1229 3345 1279 3400 alia
1304 3349 1331 3400 et
1347 3346 1407 3399 haec

252 3433 286 3486 de
304 3433 453 3488 Alexandro
470 3433 553 3488 dicat:
573 3433 651 3487 Denn
669 3433 752 3487 selbst
770 3451 847 3489 wenn
865 3434 907 3488 die
926 3433 1132 3503 Schildemmgen
1150 3435 1197 3488 des
1210 3435 1343 3506 Hpbippus
1360 3450 1406 3488 uon

253 3521 353 3593 Olynth
371 3539 422 3575 nur
440 3538 487 3576 zur
505 3521 595 3576 Halfte
614 3522 688 3577 wahr
705 3523 762 3576 sein
781 3523 883 3594 sollten,
902 3539 932 3578 66
951 3523 1034 3578 bleibt
1051 3523 1146 3577 11111161
1162 3525 1232 3578 noch
1249 3539 1278 3578 so
1296 3523 1349 3577 viel
1361 3539 1407 3576 von

252 3611 382 3680 1111611611,
402 3610 567 3666 liebermuth
585 3612 639 3664 und
657 3611 846 3682 Verblendung
871 3612 955 3683 iibrig,
984 3614 1044 3666 dass
1062 3611 1131 3667 auch
1156 3613 1184 3666 in
1211 3612 1344 3682 religiosor
1361 3617 1406 3670 Β6-

253 3700 366 3768 zlehung
384 3700 427 3754 ein
444 3699 522 3756 tieler
539 3699 596 3753 Fall
614 3700 661 3754 des
681 3699 802 3769 Zbghngs
829 3703 883 3756 und
902 3701 1026 3757 Schiilers
1052 3701 1125 3757 eines
1143 3701 1298 3757 Aristoteles
1316 3717 1406 3756 111161-

252 3788 371 3843 16111161
388 3789 423 3842 161
441 3829 557 3845 ......
570 3789 634 3843 Fast
660 3789 764 3844 soheint
791 3806 819 3845 66
838 3791 919 3846 daher
946 3792 1006 3846 dem
1030 3791 1181 3846 Alexander
1207 3792 1255 3845 mit
1281 3792 1328 3845 der
1348 3791 1405 3844 Idae

253 3877 340 3932 661161
357 3877 552 3947 Vergbttenmg
570 3877 673 3932 11111161]
694 3893 826 3949 ergangen
844 3897 878 3935 zu
896 3881 953 3934 sein
972 3881 1021 3935 wie
1039 3881 1100 3934 dem
1113 3880 1287 3936 Wallenstein
1305 3879 1353 3933 mit
1364 3881 1405 3931 der

252 3965 316 4020 1166
334 3966 380 4020 166
398 3967 542 4025 1611611166
560 3983 594 4020 61
612 3967 713 4022 seinana
731 3969 834 4025 Kaisar.
871 3968 944 4034 Quae
963 3985 994 4023 eo
1018 3969 1104 4038 magis
1122 3969 1191 4023 mihi·
1209 3970 1275 4022 mira
1292 3969 1405 4023 videntur

253 4055 323 4122 quod
346 4053 458 4108 Geierus
486 4054 575 4118 (Alex
593 4054 629 4112 M.
656 4055 746 4112 histor.
778 4057 917 4126 scriptores
935 4073 960 4126 p.
981 4058 1045 4125 316)
1073 4059 1106 4112 de
1131 4057 1180 4111 hac
1207 4057 1352 4112 narratione
1376 4055 1404 4107 de

255 4140 406 4196 Alexandro
425 4144 452 4196 et
469 4143 502 4196 de
520 4141 639 4212 Ephippo
657 4141 766 4211 (ibidem
784 4161 809 4212 p.
829 4145 892 4212 311)
911 4143 987 4197 aliter
1003 4145 1108 4212 judicat.
