3008 4614
690 103 902 210 ,AL

373 307 474 383 μείνας
496 304 526 364 δέ
550 303 641 364 αὐτοῦ
663 301 706 388 (ἐν
720 298 893 385 Κελαιναῖς)
916 303 1026 380 ἡμέρας
1047 303 1096 362 ola
1138 337 1183 348 -
1205 337 1249 347 -
1271 337 1313 348 -
1335 335 1378 346 -
1472 315 1473 318 ¹

375 413 422 471 έπὶ
445 411 571 491 Γορδίου
592 410 754 470 ἐστέλλετο·
784 409 833 468 καὶ
856 410 1040 487 Παρμενίωνι
1068 406 1251 488 ἐπέστειλεν,
1275 401 1378 487 ἄγοντα

376 511 437 596 όιμα
461 511 493 578 ον’
516 511 566 593 τὴν
593 511 714 592 όόναμιν
744 518 835 576 έκεῖσε
867 513 1013 576 ἀπαντᾶν·
1047 516 1095 575 καὶ
1127 513 1240 592 ἀπήντα
1270 509 1317 586 tle
1348 522 1381 592 τῇ

376 618 494 701 omnipo
516 623 655 701 Παρμενί
694 671 701 686 .

217 729 469 799 Parmenionem
506 727 563 795 illo
594 733 740 810 tempore
769 745 834 794 non
865 725 968 794 fuisse
997 725 1147 795 Celaenis
1178 726 1380 810 perspicuum

220 845 272 908 est
306 856 347 904 ex
376 834 509 904 Arriani
546 835 572 914 l,
609 831 684 918 24,3
716 838 751 899 et
779 831 856 913 25,4
893 853 979 916 squ,
1018 834 1073 900 ubi
1110 833 1193 900 haec
1230 833 1384 916 legimus:

220 941 327 1024 πέμπει
350 940 561 1030 (Ἀλέξανδρος)
584 946 622 1013 ὡς
648 943 843 1021 Παρμενίωνα
860 937 1041 1021 Ἀμφοτερὸν
1064 987 1202 1006 .....
1225 943 1275 1002 καὶ
1298 940 1386 1024 γράμ-

220 1074 300 1131 ματα
328 1051 380 1130 μέν
402 1051 436 1112 od
469 1047 580 1127 κομίζει
610 1044 814 1134 (Ἀμφότερός)
845 1049 907 1125 παρ’
932 1046 1129 1126 Ἀλεξάνδρου·
1159 1048 1192 1109 οὐ
1224 1045 1279 1129 γὰρ
1309 1046 1385 1122 ἔδοξε

221 1154 342 1241 γρόφιιν
364 1156 435 1239 ὑπὲρ
460 1151 575 1226 οὐθενός
597 1159 728 1217 τοιούτου
757 1158 786 1225 ές
808 1149 841 1215 τό
865 1152 984 1233 ίμφαίς·
1008 1150 1045 1215 τό
1068 1154 1098 1215 cI
1128 1150 1187 1216 όπό
1210 1151 1339 1234 γλώσσης
1361 1161 1389 1216 oi

222 1263 409 1342 ιιιειαλμίιιι
439 1259 586 1343 ἐξήγγειλε,
618 1261 703 1327 unde
731 1267 870 1344 apparet
902 1260 1124 1327 Alexandrum
1162 1259 1313 1342 epistulis
1344 1263 1389 1328 ad
1485 1256 1486 1260 ’

224 1371 322 1438 duces
351 1367 488 1451 imperia
515 1365 646 1434 deferre
676 1365 809 1435 solitum
833 1385 915 1450 esse,
948 1385 1049 1448 quare
1077 1384 1273 1448 quamquam
1295 1368 1389 1434 Arri·

224 1495 307 1544 anus
338 1476 363 1556 Ι,
399 1471 474 1559 29,3
504 1492 569 1541 non
605 1472 685 1539 dicit
714 1473 810 1556 plane
839 1474 1060 1541 Alexandrum
1098 1479 1176 1541 tunc
1212 1472 1390 1557 epistulam

225 1581 403 1666 scripsisse,
427 1586 538 1648 tamen
562 1578 694 1646 dubium
726 1599 792 1648 non
815 1583 867 1645 est
890 1579 967 1660 quin
991 1580 1162 1664 epistulam
1193 1580 1333 1664 dederit,
1358 1582 1391 1647 id

226 1689 434 1773 quodetiam
464 1705 505 1753 ex
528 1689 630 1756 uerbo
654 1684 816 1750 ἐπέστειλεν
845 1685 985 1769 intelligi
1009 1693 1124 1770 potest.
1171 1687 1391 1771 Quamobrem

225 1798 259 1865 in
289 1794 437 1880 epistulis
470 1795 619 1876 ponenda
653 1803 730 1862 sunt
764 1792 862 1859 edam
897 1791 1043 1876 imperia,
1079 1811 1162 1874 quae
1195 1793 1322 1861 Meneti
1358 1803 1392 1862 et

227 1904 312 1971 Clito
337 1901 448 1969 delata
471 1908 558 1968 sunt.

315 2009 369 2076 Ad
405 2007 572 2073 Menatem
611 2003 743 2088 scripsit
779 2005 967 2072 Alexander
1005 2011 1177 2089 postquam
1215 2007 1392 2076 Ecbatana
1490 2006 1491 2010 ’

228 2114 388 2199 pervenit,
413 2132 483 2180 cum
507 2112 682 2180 Thessalos
712 2111 838 2194 equites
862 2113 987 2178 domum
1020 2113 1211 2182 remitteret
1256 2116 1392 2183 Arrian.
1492 2131 1493 2140 ¹

228 2223 291 2307 IH,
317 2218 409 2301 19,6:

389 2325 533 2388 ίπέστειλε
558 2326 589 2387 δέ
613 2329 660 2386 καὶ
682 2325 800 2406 Μένυμι,
826 2323 942 2388 ἑπειδόιυ
965 2325 1125 2405 ἀφίκωνται
1153 2331 1200 2389 ἐπὶ
1222 2327 1396 2413 θάλασσαν,

389 2435 438 2493 καὶ
449 2431 472 2518 ¹)
506 2434 716 2511 ἐπιμεληθῆναι
750 2428 828 2503 ὅπως
865 2435 912 2493 ἐπὶ
942 2445 1062 2514 τριηρῶν
1098 2432 1327 2515 κομισθήσονται
1369 2443 1399 2508 ές
1498 2485 1500 2522 3

389 2534 524 2621 Εόβοιαν.

231 2647 281 2714 De
305 2645 367 2712 hac
389 2665 425 2713 re
447 2645 635 2712 Alexander
662 2646 705 2711 ad
727 2645 891 2712 Menatem
914 2643 1054 2730 scripsit,
1084 2665 1159 2713 nam
1183 2646 1235 2714 hio
1258 2647 1399 2716 (iiliciae

232 2758 393 2835 praeerat.
448 2749 607 2818 conferas
637 2751 731 2818 Diod.
760 2751 872 2835 XVII,
905 2750 999 2836 64,5;
1040 2752 1175 2820 Arriam
1207 2756 1271 2838 ΙΠ,
1308 2755 1397 2838 16,9.

233 2860 284 2926 De
307 2855 474 2926 Thessalis
505 2858 546 2923 ab
579 2857 767 2923 Alexandro
800 2857 929 2924 domum
955 2856 1100 2924 remissis
1135 2859 1286 2928 conferas
1308 2861 1399 2928 Plut.

232 2962 292 3031 vit.
304 2963 398 3030 Alex.
414 2962 534 3044 XLII3
557 2962 653 3030 Diod.
670 2963 778 3043 XVII,
794 2960 886 3046 74,3;
910 2961 1015 3030 Curtii
1027 2962 1084 3046 VI,
1102 2963 1144 3044 II,
1163 2964 1192 3031 6.
1233 2966 1399 3036 Arrianus

234 3071 346 3136 eodem
370 3070 439 3137 loco
464 3068 538 3154 (III,
564 3067 651 3156 lus)
675 3074 832 3135 memorat
859 3067 1032 3152 epistulam
1055 3071 1097 3136 ad
1121 3070 1241 3139 Clitum
1273 3075 1397 3142 datam

392 3177 506 3252 Κλιίτῳ
529 3176 560 3237 δέ
583 3178 857 3257 suppellectilem*
878 3172 942 3255 ίλης
956 3175 1069 3258 ἡγεμόνι
1085 3175 1254 3261 ἐπέστειλεν,
1279 3179 1398 3244 έπειθόιν

393 3279 424 3343 έκ
453 3278 575 3343 Σοόσωυ
606 3286 635 3352 ές
665 3281 827 3364 Ἐκβάτανα
860 3281 1007 3366 ἀφίκηται,
1042 3281 1249 3349 καταλέλειπτο
1281 3285 1336 3370 γὰρ
1367 3295 1398 3351 έν

392 3384 517 3459 Σούσοις
539 3387 737 3475 όρρωστῶνέ),
769 3387 949 3471 ἀναλαβόντα
972 3387 1037 3460 τοὺς
1059 3388 1232 3466 Μακεδόνας
1260 3391 1327 3467 τοὺς
1349 3400 1398 3457 ίπὶ

391 3505 446 3558 τῶν
467 3493 619 3578 χρημάτων
632 3495 696 3558 τότε
712 3495 952 3579 ὑπολειφθέντας,
977 3494 1050 3559 ἰέναι
1064 3495 1115 3578 τήν
1130 3503 1177 3560 dni
1192 3505 1397 3583 Παρθυαίους,

394 3600 440 3664 ι’να
463 3605 512 3664 κοιλ
535 3599 621 3674 αότός
644 3598 717 3682 ἥξειν
740 3600 861 3682 ἔμελλεν.

323 3710 512 3778 Alexander
547 3715 719 3793 postquam
748 3712 909 3779 Philotam
944 3714 978 3780 in
1009 3713 1275 3798 Zarangaeorum
1304 3715 1398 3801 regia

324 3888 335 3920 ¹
366 3893 411 3940 καλ
428 3887 551 3942 abundat.

325 3888 347 4045 ’ό
365 3977 455 4031 Verba
466 3973 649 4028 καταλέλειπτο
660 3975 712 4047 γὰρ
724 3975 755 4028 ἓν
766 3975 874 4033 Σοέτοιτ
883 3972 1021 4048 ἀρρωστῶν
1034 3977 1127 4034 elanus
1135 3977 1181 4031 έπλ
1189 3978 1241 4032 τῶν
1258 3977 1396 4050 χρημάτων

236 4069 292 4124 τότε
309 4066 518 4138 ὑπολειφθέντας
535 4067 690 4142 interposita
713 4071 776 4124 sunt
794 4068 919 4142 epletulae
938 4071 984 4126 aut
1010 4069 1043 4126 ab
1061 4069 1167 4126 Arriani
1177 4071 1282 4126 auctore
1299 4070 1346 4124 aut
1362 4067 1396 4122 ab

236 4157 293 4230 ipso
305 4155 425 4217 Arriano.
