3016 4612
798 111 841 180 26

237 307 460 376 narrationem
484 307 725 390 amplioresque
749 326 802 376 res
818 314 929 391 gestas
944 306 985 374 iis
1001 305 1142 388 reliquit,
1167 305 1224 388 qui
1237 304 1415 371 historiam

237 413 440 496 profitentur.
488 413 596 496 Quare
620 413 732 495 multa,
757 431 842 495 quae
865 415 907 480 ab
932 411 1006 480 aliis
1034 411 1164 494 copiose
1192 417 1227 478 et
1255 418 1414 478 accurate

238 517 386 600 exposita
402 523 488 589 sunt.
503 517 704 586 Plutarchus
719 516 852 585 tametsi
867 538 907 586 ex
923 519 1038 586 eodem
1055 518 1146 584 ionte
1161 516 1281 598 hausit,
1297 522 1413 582 tamen

237 622 358 692 leviter
379 626 507 709 attigit,
531 624 619 690 unde
642 642 736 692 nemo
761 624 825 690 erit
847 623 904 705 qui
928 623 1082 708 conjiciat
1106 641 1147 688 ea
1168 628 1237 688 tam
1260 621 1415 690 breviter

239 728 389 812 exposita
410 728 513 798 fuisse
536 733 637 797 etiam
659 729 695 796 in
717 729 822 809 libris,
848 749 889 797 ex
912 729 1030 811 quibus
1045 729 1244 796 Plutarchus
1260 728 1413 810 deprom-

238 833 317 918 psit.
363 834 491 902 Ειιιιιιι
521 835 587 901 dici
609 844 746 920 possunt
769 837 809 903 de
824 834 984 920 epistulis,
1016 855 1057 902 ex
1080 837 1195 915 quibus
1219 853 1261 901 ea
1282 839 1413 900 tentum

240 941 414 1024 excerpsit,
439 959 522 1022 quae
546 940 656 1027 adid,
681 942 766 1023 quod
788 940 853 1008 sibi
875 949 1104 1026 proposuerat,
1128 938 1295 1024 pertinere
1317 939 1413 1008 vide-

240 1048 369 1113 bantur.
415 1047 508 1114 Haec
530 1050 579 1113 ita
602 1066 674 1115 esse
697 1047 906 1131 perspicuum
930 1053 982 1113 est
1012 1065 1054 1112 ex
1082 1046 1182 1128 longa
1211 1046 1270 1112 illa
1292 1046 1412 1112 Niciae

240 1152 391 1236 epistula,
416 1154 451 1218 in
475 1172 541 1233 qua
562 1171 757 1234 quamquam
780 1155 870 1237 apud
892 1152 1115 1235 Thucydidem
1139 1153 1230 1237 (VII,
1260 1151 1300 1218 11
1326 1156 1413 1238 sqq.)

240 1258 348 1324 omnia
363 1259 494 1342 copiose
510 1258 659 1343 exposita
675 1264 760 1340 sunt,
785 1266 896 1325 tamen
911 1259 1111 1325 Plutarchus
1133 1257 1207 1336 (vit.
1223 1259 1293 1326 Nic.
1310 1256 1412 1345 XIX)

241 1381 313 1429 eam
347 1364 496 1431 breviter
530 1370 565 1430 ιι
598 1367 705 1432 tribus
737 1364 858 1448 verbis,
894 1377 931 1430 ut
954 1365 1056 1448 ajunt,
1090 1363 1248 1448 exposuit
1294 1366 1411 1432 Exeo

240 1469 351 1552 igitur,
381 1472 466 1550 quod
491 1489 545 1536 res
566 1470 713 1539 brevit-er
735 1471 769 1536 in
793 1470 941 1555 epistulis
965 1472 1050 1554 apud
1073 1469 1288 1562 Plutarchum
1311 1489 1413 1554 expo-

242 1583 374 1658 nuntur,
403 1583 544 1643 nonest
569 1562 873 1659 colligendum'eas
901 1576 1051 1643 subditas
1075 1593 1156 1642 esse.
1204 1573 1300 1657 Quod
1332 1597 1412 1644 vero

242 1700 262 1746 a
285 1680 442 1748 memoria
464 1699 696 1762 nonnunquam
710 1683 906 1765 discrepant,
932 1681 1081 1762 equidem
1104 1682 1180 1747 inde
1197 1681 1297 1748 edam
1314 1702 1413 1751 veras

242 1787 316 1854 illas
340 1807 414 1855 esse
429 1790 598 1856 concludo.
646 1790 711 1856 Sed
726 1790 766 1856 de
783 1789 846 1855 hac
861 1807 898 1854 re
914 1789 996 1873 ipsis
1012 1787 1163 1874 epistulis
1179 1788 1291 1854 allatis
1314 1807 1413 1855 accu-

242 1893 346 1960 ratius
370 1894 553 1979 disputabo.
599 1898 702 1977 Nunc,
728 1895 880 1975 quoniam
903 1903 979 1962 sunt
1002 1893 1164 1978 epistulae
1179 1896 1340 1974 quaedam
1362 1896 1413 1960 fa·

242 1999 396 2083 millenas,
421 2020 502 2081 quas
525 2009 583 2067 aut
605 2019 701 2067 veras
725 2007 783 2067 eut
806 2001 955 2068 subditas
983 2017 1057 2068 esse
1080 1999 1179 2068 certis
1206 1999 1414 2082 argumentis

244 2105 430 2172 confirmari
453 2125 518 2172 non
542 2111 659 2189 potest,
683 2108 718 2172 id
740 2125 814 2190 ago,
842 2111 880 2172 ut
910 2107 1110 2190 comparatis
1136 2105 1286 2173 breviter
1312 2123 1413 2188 argn-

243 2212 364 2286 mentis
388 2211 610 2295 epistularum,
636 2230 717 2292 quas
746 2213 895 2280 subditas
924 2231 997 2280 esse
1025 2219 1162 2294 constat,
1192 2229 1263 2277 cum
1295 2212 1412 2278 harum
1506 2289 1507 2294 ἵ

244 2316 456 2400 epistularum
491 2316 647 2400 reliquiis,
686 2318 847 2384 rationem
882 2317 994 2386 verius
1029 2319 1069 2382 de
1099 2318 1141 2384 iis
1165 2316 1334 2400 iudicandi
1363 2317 1414 2383 in-

243 2422 425 2494 veniamus.

334 2527 521 2612 Complures
551 2529 712 2614 epistulae
739 2530 894 2613 leguntur
923 2530 1011 2614 apud
1035 2529 1247 2596 Plutarchum
1274 2526 1308 2594 in
1340 2528 1415 2594 vita

244 2634 437 2718 Alexandri,
461 2634 496 2702 in
519 2636 636 2716 quibus
660 2636 813 2704 derebus
829 2643 897 2702 tam
915 2634 1034 2704 vilibus
1050 2634 1240 2718 plerumque
1257 2633 1414 2717 scriptum

245 2745 305 2822 est,
331 2745 367 2805 nt
389 2741 586 2809 Plutarchus
615 2740 685 2827 (vit
716 2743 811 2808 Alex.
841 2741 952 2828 XLII)
979 2740 1212 2820 admiraretur,
1241 2741 1327 2821 quod
1356 2739 1415 2806 illc

243 2847 278 2912 in
301 2846 423 2912 talibus
446 2847 594 2930 epistulis
617 2846 800 2914 scribendis
824 2855 952 2932 tempus
975 2854 1191 2914 consumeret.
1238 2846 1303 2913 Sed
1327 2864 1416 2926 quae

245 2951 279 3016 in
302 2953 343 3018 ιιι
366 2951 493 3036 scripta
517 2952 674 3035 videmus,
703 2961 780 3037 apte
803 2960 987 3036 congruunt
1010 2971 1080 3020 oum
1110 2952 1161 3032 iis,
1192 2970 1274 3032 quae
1304 2953 1345 3016 de
1370 2955 1416 3017 A·
1505 2954 1506 2982 l

244 3057 396 3124 lexandri
412 3057 554 3125 moribus
579 3065 613 3124 et
629 3059 870 3148 ,consuetudine
893 3058 1018 3125 tradita
1041 3063 1128 3125 sunt.
1175 3059 1276 3142 Quem
1302 3063 1417 3124 autem

246 3160 416 3229 falsarium
448 3169 547 3247 putas
577 3161 721 3231 laborem
750 3163 949 3247 suscepisse,
985 3170 1021 3229 ut
1049 3163 1138 3229 fama
1166 3166 1206 3229 de
1229 3164 1417 3230 Alexandri

245 3267 390 3334 moribus
412 3270 570 3350 indagata
586 3269 745 3353 epistulas
761 3277 827 3334 tam
842 3267 903 3335 vili
917 3271 1066 3353 exemplo
1082 3276 1299 3353 componeret,
1320 3288 1417 3354 prue-

246 3373 360 3440 sertim
384 3392 455 3440 cum
478 3373 519 3439 iis
547 3392 653 3454 neque
687 3375 851 3456 ingenium
888 3379 1055 3441 ostentare
1089 3393 1196 3456 neque
1230 3373 1417 3457 huJusmodi

246 3478 404 3566 epistulas
420 3498 537 3562 magno
553 3480 658 3564 pretio
674 3481 818 3548 vendere
834 3479 969 3563 posset?
993 3481 1066 3548 Hoc
1081 3481 1295 3564 epistularum
1312 3499 1417 3563 genus

245 3605 379 3671 prorsus
403 3587 559 3651 abhorret
582 3606 602 3652 a
624 3584 752 3651 ratione
774 3583 992 3670 falsariorum,
1016 3605 1153 3667 quorum
1177 3586 1339 3671 epistulae
1368 3586 1416 3651 ni·
1504 3605 1505 3610 ¹

245 3692 292 3758 hil
315 3691 405 3757 aliud
427 3692 618 3775 plerumque
640 3691 806 3772 exhibent,
831 3690 894 3758 nisi
916 3691 1004 3758 locos
1025 3709 1218 3772 commoneo,
1243 3694 1416 3758 suasiones

247 3816 349 3866 vanas
366 3803 400 3863 et
414 3800 554 3882 ineptas,
571 3797 820 3863 adhortationes
832 3799 875 3863 ad
887 3798 1042 3865 virtutem
1056 3798 1226 3865 colendam
1238 3797 1418 3881 justitiam-

248 3921 310 3984 que
346 3904 569 3984 excrcendam,
606 3905 902 3969 commendationes
936 3903 1017 3968 artis
1053 3902 1191 3986 dicendi,
1232 3905 1418 3970 sententias

249 4010 404 4088 quasdam
421 4009 686 4094 philosophorum
709 4008 820 4092 inepte
835 4009 1058 4094 interpositas,
1082 4011 1252 4076 rhetorum
1267 4028 1417 4098 pompas,

249 4132 331 4194 quas
352 4113 402 4180 illi
425 4112 521 4182 avide
546 4113 793 4197 conquirebant,
823 4114 1053 4182 similitudines
1083 4114 1308 4198 imaginesque
1338 4117 1419 4182 ridi-
