3008 4614
775 105 838 173 142

379 300 488 384 μητρὸς
521 299 595 384 πρὸς
620 301 824 384 Ἀλέξανδρον,
858 306 895 373 ὡς
918 301 1084 382 Ἀρριδαῖον
1116 305 1163 364 ἐπὶ
1191 311 1226 381 τῇ
1254 303 1400 382 βασιλείᾳ

380 411 527 472 Φιλίππου
533 405 635 490 γάμοις
645 412 788 489 λαμπροῖς
799 413 848 470 καλ
857 406 1008 490 πράγμασι
1019 406 1154 489 μεγάλοις
1161 413 1398 480 εἰσοικειοῦντος,
1420 455 1423 464 ,

220 513 296 581 Etsi
318 514 517 584 Plutarchus
540 515 700 599 epistulae
723 516 921 582 mentionem
945 533 1009 582 non
1035 512 1130 598 iecit,
1161 518 1271 581 tamen
1301 516 1399 596 quod

221 618 390 706 Olympias
417 621 473 687 illo
503 625 650 704 tempore
679 621 713 686 in
741 621 841 703 Epiro
878 619 981 687 luisse
1011 619 1188 706 uidetur,¹)
1223 621 1399 688 assentior

219 726 412 809 Droysenio,
437 727 492 809 qui
507 747 577 794 sem
601 733 682 794 tunc
701 726 872 809 scripsisse
896 727 938 794 ad
961 727 1184 794 Alexandrum
1207 721 1395 807 existimat,

220 847 414 914 quamquam
436 853 500 901 non
524 833 632 901 omnia
656 835 742 917 apud
764 833 977 902 Plutarchum
999 834 1164 917 leguntur,
1181 853 1273 928 quae
1296 832 1398 920 ille2)

219 947 385 1022 tamquam
408 958 449 1007 ex
472 939 611 1022 epistula
636 941 827 1023 deprompta
851 942 993 1022 exponit.

307 1047 402 1114 Haec
425 1047 466 1112 de
489 1045 648 1131 epistulis,
673 1065 753 1128 quas
769 1047 936 1130 Olympias
959 1047 1004 1113 ad
1019 1046 1244 1114 Alexandrum
1260 1046 1397 1114 misisse

220 1151 373 1221 traditur.
421 1154 474 1219 Ad
496 1152 648 1220 maritum
666 1171 791 1234 qnoque
815 1153 905 1220 dedit
927 1153 997 1220 sine
1014 1153 1112 1221 dnbio
1129 1153 1304 1237 epistulas,
1332 1155 1397 1220 sed

174 1299 176 1304 .
219 1266 327 1326 rerum
358 1259 536 1342 scriptores
567 1259 690 1326 nullam
720 1278 832 1326 earum
862 1258 1059 1328 mentionem
1088 1259 1225 1326 faciunt.
1278 1259 1396 1344 Quare

220 1365 376 1447 expositis
391 1366 551 1434 hacteuus
567 1365 716 1449 epistulis
731 1367 774 1433 ad
790 1367 1017 1433 Alexandrum
1033 1365 1127 1451 datis,
1151 1385 1239 1434 nunc
1253 1365 1394 1434 afferam

221 1472 388 1555 epistulas,
414 1491 493 1556 quas
517 1474 560 1539 ad
582 1473 665 1540 ahos
688 1472 829 1555 scripsit.

309 1595 497 1679 Hyperides
521 1603 602 1674 orat,
626 1617 686 1679 pro
709 1595 904 1679 Huxeuippo
928 1597 987 1663 col.
1012 1595 1053 1662 31
1079 1615 1126 1680 sq.
1152 1595 1245 1662 dicit:

379 1743 427 1800 δεῖ
444 1741 490 1811 δέ,
519 1735 703 1820 dativum,
732 1738 772 1818 μὴ
794 1742 840 1800 δπλ
863 1748 903 1818 τῷ
919 1736 1115 1818 Ὀλυμπιάδος
1137 1735 1258 1819 ὀνόματι
1281 1743 1333 1802 καὶ
1357 1750 1400 1818 τῷ

373 1843 564 1926 Ἀλεξάνδρου
591 1857 646 1908 τῶν
672 1847 794 1909 πολιτῶν
822 1869 886 1908 τινα
913 1845 1003 1924 ζητεῖν
1026 1845 1113 1908 κακόν
1135 1869 1162 1908 τι
1187 1843 1393 1929 ἐργάσασθαι,

379 1969 442 2030 ἀλλ’
467 1966 537 2032 ὅταν
559 1975 661 2032 ἐκεῖνοι
683 1967 756 2047 πρὸς
778 1967 827 2032 τὸν
849 1975 939 2048 δῆμον
958 1967 1008 2033 τάν
1022 1970 1183 2049 Ἀθηναίων
1200 1971 1393 2032 ἐπιστέλλωσι

378 2072 419 2152 μὴ
440 2071 477 2135 τά
500 2079 597 2137 δίκαια
619 2077 690 2154 μηδὲ
713 2073 750 2136 τά
773 2072 966 2156 προσήκοντα,
989 2075 1053 2138 τότε
1069 2075 1235 2138 ἀναστάντα
1251 2078 1325 2156 ῦπδρ
1341 2086 1394 2154 τῆς

379 2181 488 2252 πόλεως
511 2178 663 2262 άντιλὲγειν
685 2185 734 2242 καὶ
757 2179 831 2261 πρὸς
851 2183 917 2253 τούς
939 2178 1059 2260 ἣκοντας
1084 2186 1145 2259 παρ’
1166 2183 1259 2245 αὐτῶν
1282 2188 1394 2244 δικαιο-

379 2289 542 2368 λογεῖσθαι.

220 2450 314 2516 Ηαεα
337 2449 523 2534 Hyperides
552 2451 602 2516 ita
632 2446 782 2534 exponit,
817 2453 854 2515 ut
884 2467 997 2531 parum
1029 2447 1172 2529 liqueat,
1208 2453 1317 2515 utrum
1350 2449 1393 2514 de

222 2557 369 2639 epistulis
399 2576 442 2624 an
470 2557 510 2622 de
539 2554 658 2638 legatis
686 2555 793 2620 missis
826 2553 914 2620 dicta
945 2553 1022 2621 sint.
1068 2553 1251 2636 Epistulam
1279 2560 1391 2620 autem

221 2663 448 2747 Olympiadem
471 2662 598 2730 dedisse
621 2662 717 2744 plane
741 2660 820 2728 dicit
835 2667 1129 2744 argumentumque
1146 2661 1216 2744 ejus
1239 2660 1393 2728 breviter

222 2769 356 2852 exponit
378 2768 563 2853 Hyperides
585 2767 663 2834 ibid.
688 2770 748 2834 ccl.
773 2765 816 2832 35
839 2786 886 2848 sq.

378 2921 460 2999 Ὑμῖν
476 2918 633 2997 Ὀλυμπιάς
655 2915 817 2999 ἐγκλήματα
839 2922 993 2998 πεποίηται
1015 2920 1081 2997 περὶ
1104 2915 1140 2979 τά
1157 2922 1187 2979 ἐν
1208 2914 1333 2996 Δωδώνῃ
1354 2916 1388 2977 νά

380 3028 487 3110 δίκαια,
504 3026 541 3097 ὡς
556 3022 609 3108 ἐγὼ
623 3029 666 3097 δὶς
681 3021 734 3104 ἤδη
749 3025 778 3086 ἐν
792 3024 923 3104 τῷδήμῳ
936 3028 1063 3087 ἐναντίω
1078 3029 1154 3102 ὑμῶν
1169 3027 1218 3085 καὶ
1229 3034 1284 3087 τῶν
1295 3019 1389 3086 άλλων

375 3134 539 3211 Ἀθηναίων
561 3129 636 3214 πρός
657 3128 724 3202 τούς
746 3126 867 3210 ἣκοντας
886 3131 955 3213 παρ’
980 3133 1068 3211 αὐτῆς
1084 3129 1215 3213 ἐξήλεγξα
1233 3129 1266 3192 οὗ
1282 3125 1389 3212 προσὴ·

380 3260 468 3300 κοντα
491 3233 578 3317 αὐτὴν
601 3236 762 3319 ὁμιλήματα
777 3246 812 3317 τῇ
826 3236 905 3300 πόλει
922 3239 1107 3319 ἐγκαλοῦσαν.
1131 3241 1197 3315 ὑμῖν
1212 3233 1267 3318 γάρ
1282 3241 1298 3300 ὅ
1314 3231 1388 3305 Zeia

381 3345 396 3406 ὁ
418 3348 591 3416 Δωδωναῖος
610 3343 786 3426 προσέταξεν
808 3350 837 3406 ἐν
852 3353 886 3424 τῇ
900 3346 1022 3421 μαντείᾳ
1036 3341 1070 3405 τά
1086 3339 1202 3424 άγαλμα
1216 3353 1267 3422 τῆς
1281 3338 1387 3419 Διάνης

220 3517 434 3528 ..μ-

311 3599 717 3672 qmmmmm

311 3708 471 3778 ¹)Droysen
498 3705 575 3762 Alex.
604 3705 705 3777 (Berlin
725 3705 804 3774 1833)
822 3722 847 3775 p.
867 3705 916 3762 50:
947 3707 1025 3760 Danu
1043 3707 1141 3760 wieder
1166 3705 1269 3760 schrieb
1294 3705 1331 3758 sie
1353 3717 1384 3754 an

221 3798 298 3852 ihten
315 3796 396 3866 Sohn,
423 3798 523 3850 warnta
546 3810 595 3849 vor
622 3796 673 3849 den
692 3794 801 3850 R'dnlren
830 3796 877 3850 des
901 3795 1004 3864 Valere,
1033 3810 1081 3848 vor
1104 3794 1152 3848 der
1169 3793 1313 3848 Heuuhdei
1340 3792 1386 3845 des

221 3887 312 3956 Hofes,
341 3901 389 3939 vor
416 3886 476 3940 dem
498 3885 627 3953 Anhange
652 3885 699 3938 der
725 3885 825 3953 jungam
842 3884 970 3955 Kdnigin3
1000 3899 1029 3938 er
1046 3887 1124 3952 mdge
1152 3883 1209 3937 sich
1236 3883 1279 3937 bei
1297 3881 1383 3936 Zeiten

221 3975 343 4030 Freumde
361 3974 505 4042 auwerben,
529 3973 611 4028 demit
630 3989 660 4026 er
677 3972 761 4027 durch
780 3972 818 4026 sie
836 3973 906 4028 eiust
925 3973 982 4026 sein
1001 3970 1087 4026 Recht
1105 3972 1160 4025 und
1178 3971 1237 4026 sein
1255 3971 1322 4025 llrbe
1340 3968 1384 4022 be-

221 4065 339 4132 haupten
355 4062 449 4130 kdnne,
472 4063 519 4117 das
542 4063 591 4116 der
607 4063 701 4132 Kdnig‚
730 4062 788 4116 sein
810 4062 899 4131 Vater,
926 4077 961 4116 an
984 4060 1166 4116 Buhlerinnen
1189 4061 1244 4115 und
1261 4057 1383 4114 Bastarde

223 4151 372 4208 vertheilsn
391 4167 424 4206 zu
442 4151 537 4207 wellen
557 4149 672 4207 scheine.
