3008 4614
661 111 724 177 119

105 310 285 394 vocabant,
309 307 480 392 praefecit,
504 309 574 392 ipse
589 308 778 375 Phoenicen
800 308 936 389 petebat
960 313 992 372 et
1007 305 1162 390 Marathi,
1179 323 1275 387 quam

106 417 297 502 subegerat,
320 416 521 498 morabatur,
545 433 617 480 oum
641 433 661 480 a
684 415 802 493 Dareo,
830 413 885 495 qui
907 415 997 498 (Arr.
1024 410 1178 497 11,13,1)
1202 416 1275 493 post

106 539 253 605 pugnam
276 524 320 588 ad
343 521 450 589 Iasum
472 520 596 589 saetam
619 520 663 586 ad
686 520 892 603 Thapsacum
913 519 1180 602 Euphratemque
1202 536 1275 603 pro-

106 633 306 711 paraverat,
338 629 448 695 datam
479 627 652 711 epistulam
683 627 819 711 aceepit,
851 644 948 708 quam
970 624 1128 693 Arrianus
1152 623 1196 710 11,
1223 628 1274 711 14,

108 739 129 801 1
156 753 238 816 sqq..
263 733 406 816 exponit.

267 837 329 902 Ἔτι
344 843 373 903 δέ
391 845 421 901 έν
436 839 580 921 Μαράθῳ
597 838 787 921 Ἀλεξάνδρου
802 835 884 910 ὄντος
899 839 1037 918 ἀφίκοντο
1052 837 1135 919 παρὰ
1150 840 1277 918 Δαρείου

270 950 417 1029 πρέσβεις,
448 944 600 1026 έπιστυλὴν
628 969 659 1008 τε
687 945 853 1025 κομίζοντες
874 948 999 1024 Δαρείου
1027 948 1075 1005 καλ
1104 945 1187 1007 αὐτοὶ
1217 941 1275 1005 ἀπὸ

270 1052 397 1135 γλώσσης
430 1052 593 1132 δεησόμενοι
628 1054 747 1130 ἀφεῖναι
776 1055 892 1132 Δαρείῳ
922 1048 972 1128 τὴν
1005 1055 1113 1131 μητέρα
1147 1054 1195 1112 καλ
1226 1047 1276 1128 τὴν

271 1171 389 1241 γυναῖκα
412 1161 461 1219 καὶ
476 1155 542 1228 τοὺς
557 1162 681 1229 παῖδας·
705 1154 806 1237 έδὴλου
821 1157 852 1218 δλ
870 1161 886 1237 ἡ
903 1153 1046 1236 ἐπιστολή,
1070 1153 1114 1218 ὅτι
1137 1157 1275 1233 Φιλίππῳ

272 1289 304 1328 τε
326 1259 400 1344 πρὸς
416 1263 604 1346 Ἀρταξέρξην
627 1266 709 1343 φιλία
733 1268 781 1326 καὶ
797 1265 945 1345 συμμαχία
966 1267 1088 1344 έχένετο·
1112 1265 1162 1324 καλ
1178 1260 1275 1341 έπειδὴ

266 1369 372 1452 Ἀρσης
394 1375 410 1433 ὁ
435 1367 495 1442 αι’δς
513 1369 702 1450 Ἀρταξέρξου
716 1372 909 1452 ἐβασίλευσα,
933 1366 978 1431 ὅτι
996 1372 1143 1440 Φίλιππος
1158 1369 1275 1439 ἀδικίας

270 1486 382 1558 πρῶτος
413 1483 443 1548 ές
470 1478 592 1557 βασιλέα
614 1474 720 1559 Ἀρσην
750 1473 831 1557 ἦρξεν
863 1477 946 1539 οὐδὲν
973 1471 1059 1558 ἄχαρι
1090 1481 1121 1537 έκ
1154 1479 1276 1557 Περσῶν

270 1584 389 1647 παθών·
413 1583 444 1656 έξ
466 1579 499 1646 οὗ
522 1584 552 1645 δλ
575 1581 664 1655 αὐτὸς
677 1581 822 1666 βασιλεύει
845 1588 977 1664 Περσῶν,
1002 1581 1065 1645 oin
1081 1580 1198 1664 πέμψαι
1213 1580 1275 1645 τινα

273 1689 455 1771 Ἀλέξανδρον
478 1692 546 1770 παρ’
572 1688 657 1752 αι’πὸυ
680 1696 709 1762 ές
727 1694 883 1772 βεβαίωσιν
897 1701 948 1770 τῆς
963 1687 1054 1752 πάλαι
1077 1686 1163 1769 οὔσης
1179 1691 1276 1768 φιλίας

270 1819 300 1860 τε
324 1802 373 1860 καλ
390 1801 562 1880 συμμαχίας,
586 1799 722 1879 διαβῆναί
739 1820 770 1859 τι
786 1795 834 1871 ξδν
849 1807 973 1877 στρατιᾷ
996 1803 1025 1868 ές
1043 1794 1094 1876 τὴν
1110 1796 1211 1857 Ἀσέαν
1226 1798 1275 1856 καλ

273 1902 368 1966 πολλὰ
395 1901 473 1964 κακοὶ
503 1903 689 1985 έρχιίσασθαι
715 1908 847 1984 Πέρσας,
877 1902 978 1966 σοι’που
1007 1903 1089 1965 ἕνεκα
1117 1904 1275 1984 καταβῆναι

270 2008 357 2082 αδτδς
378 2020 412 2089 τῇ
434 2009 510 2092 χώρη
535 2010 646 2088 α’μυνῶν
669 2014 718 2071 καλ
739 2007 790 2089 τὴν
812 2008 902 2092 α’ρχῆν
923 2008 974 2090 τὴν
1000 2007 1137 2089 πατρῴαν
1164 2006 1275 2071 ἀνασώ-

271 2140 343 2178 σων·
367 2114 418 2195 τὴν
440 2117 492 2195 μὲν
514 2114 550 2195 δὴ
571 2115 662 2198 μάχην
684 2120 721 2189 ὡς
743 2125 821 2179 θεῶν
843 2140 884 2195 τῳ
907 2115 1011 2191 ἔδοξεν,
1035 2113 1110 2180 οὕτω
1125 2124 1274 2197 κριθῆναι·

270 2220 357 2293 αὐτὸς
386 2225 416 2285 δέ
449 2220 585 2303 βασιλεὺς
617 2223 699 2303 παρὰ
727 2226 870 2305 βασιλέως
899 2223 1018 2307 γυναῖκα
1045 2245 1077 2285 τε
1106 2220 1156 2303 τὴν
1188 2223 1277 2286 αὑτοῦ

270 2334 359 2390 αἰτεῖν
392 2332 441 2391 καλ
470 2335 579 2412 μητέρα
601 2334 651 2392 καλ
680 2336 788 2402 παῖδας
819 2328 885 2403 τοὺς
914 2327 1053 2413 ἁλόντας,
1087 2334 1136 2392 καὶ
1177 2332 1276 2409 φιλίαν

272 2437 384 2497 ἐθέλειν
417 2433 604 2516 ποιήσασθαι
635 2434 707 2515 πρὸς
730 2435 919 2518 Ἀλέξανδροι
946 2441 996 2499 καὶ
1029 2436 1174 2518 ξύμμαχος
1203 2435 1276 2498 εἶναι

267 2539 458 2622 Ἀλεξάνδρῳ·
493 2547 542 2604 καλ
579 2545 650 2625 ὑπὲρ
682 2542 791 2606 τούτων
824 2549 946 2623 πέμπειν
981 2542 1060 2624 ἦξίου
1088 2541 1276 2624 Ἀλέξανδρον

275 2648 345 2729 παρ’
370 2645 460 2711 αὑτὸν
483 2646 532 2722 §tr
554 2652 692 2728 Μενίσκῳ
715 2673 746 2711 τε
769 2654 817 2712 καὶ
836 2650 962 2731 Ἀρσίμᾳ
984 2661 1044 2722 τοῖς
1067 2647 1196 2732 οἶχχέλοις
1215 2661 1276 2720 τοῖς

270 2758 301 2815 έκ
325 2758 447 2836 Περσῶν
470 2751 570 2834 ἥκουσι
592 2755 659 2827 τοὺς
680 2753 717 2818 τοὶ
745 2754 836 2818 πιστοὶ
862 2756 1042 2838 ληψομένους
1069 2777 1100 2818 τε
1128 2758 1176 2819 καλ
1204 2755 1275 2837 ὑπὲρ

267 2859 456 2943 Ἀλεξάνδρου
478 2859 632 2935 δώσοντας.

106 2967 236 3035 Eodem
259 2967 330 3034 loeo
346 2966 509 3036 Arrianus
528 2971 662 3052 exponit
676 2970 857 3037 Alexandri
871 2972 914 3037 ad
930 2971 1074 3036 Dareum
1090 2969 1273 3053 epistulam.

267 3072 350 3156 Πρὸς
374 3083 464 3137 ταῦτα
487 3075 653 3158 ἀντιχροίηει
670 3075 857 3157 Ἀλέξανδρος
876 3079 925 3138 καλ
943 3073 1103 3156 ξυμπέμπει
1117 3088 1179 3150 τοῖς
1192 3074 1275 3155 παρὰ

266 3183 393 3262 Δαρείου
415 3183 535 3244 tionem
553 3184 730 3264 Θέρσιππον,
754 3185 950 3265 παραγγείλας
972 3181 1021 3263 τὴν
1043 3181 1194 3264 έπιστολὴν
1212 3188 1275 3246 δοῦ-

267 3311 314 3350 ναι
337 3290 466 3370 Δαρείῳ,
498 3285 584 3350 αὐτὸν
614 3289 644 3351 tt
674 3286 714 3369 μὴ
736 3291 925 3370 διαλέγεσθαι
947 3291 1020 3370 ὑπὲρ
1043 3288 1171 3370 μηδενός·
1205 3290 1275 3371 ἡδὲ

267 3392 402 3473 ἐπιστολὴ
433 3393 622 3476 Ἀλεξάνδρου
652 3390 705 3458 ὧδε
736 3393 801 3478 ἔχει.
854 3399 893 3460 Οί
920 3400 1050 3480 ὑμέτεροι
1076 3396 1209 3479 πρδχυνυι
1231 3398 1275 3459 έλ-

266 3500 371 3572 δόντες
403 3505 443 3572 είς
465 3504 651 3563 Μακεδονίαν
685 3506 734 3563 καλ
768 3506 808 3574 εἰς
839 3500 889 3580 τὴν
918 3497 1004 3582 ἄλλην
1028 3502 1156 3566 Ἑλλάδα
1183 3513 1277 3576 κακῶς

267 3610 404 3686 ἐποίησαν
436 3611 512 3688 ἡμᾶς
541 3608 625 3671 οὐδέν
653 3607 886 3689 προηδικημένοι·
917 3607 971 3689 έχώ
997 3609 1027 3671 ti
1056 3618 1110 3672 τῶν
1136 3606 1277 3690 Ἑλλήνων

267 3709 375 3792 η’χεμών
405 3716 605 3785 κατασταθείς
634 3716 684 3775 καλ
713 3710 941 3794 τιμωρήσασθαι
962 3712 1133 3795 βουλόμενος
1154 3716 1277 3799 Πέρσας

267 3811 360 3901 διέβην
384 3824 425 3891 είς
445 3816 495 3900 τὴν
514 3819 622 3905 Ἀσίαν,
646 3819 835 3900 ὑπαρξάντων
857 3825 946 3900 ὑμῶν·
970 3823 1019 3883 καλ
1031 3817 1087 3904 χεὶρ
1103 3827 1276 3905 Περινθίοις

266 3925 461 4006 ἐβοηθήσατε,
492 3927 521 3988 oi
548 3923 597 3988 τὸν
620 3924 689 4006 έμδν
711 3932 824 4010 πατέρα
848 3929 975 4008 ἠδίκουν,
1006 3931 1053 3988 καὶ
1077 3933 1117 3999 εἰς
1146 3927 1273 4012 Θρᾴκην,

265 4025 297 4110 ἧς
326 4035 407 4111 ἡμεῖς
437 4027 570 4114 ἤρχομεν,
602 4028 722 4111 δύναμιν
745 4030 875 4113 ἔπεμψεν
901 4028 1009 4116 Ὦχος·
1039 4044 1091 4105 τοῦ
1113 4036 1144 4097 ti
1167 4034 1276 4117 πατρὸς

264 4137 469 4209 ἀποθανόντος
490 4135 548 4200 ὑπὸ
570 4148 624 4201 τῶν
640 4136 911 4225 ἐπιβουλευσάντων,
936 4137 984 4212 oie
999 4145 1079 4220 ὑμεῖς
1094 4139 1275 4217 συνετάξατε,
