3008 4614
565 112 777 216 ,ιν-
894 194 898 201 ,

242 307 431 388 Ἀλέξανδρον
453 310 538 388 φίλον
560 331 592 371 ιε
614 308 687 371 εἶναι
702 312 818 390 Δαρείῳ
841 314 890 371 καὶ
906 305 1061 392 ξύμμαχον,
1085 299 1255 373 καὶτούτων

249 419 277 476 ἐν
299 424 340 492 τῷ
360 413 482 498 ξυλλόγῳ
504 425 559 477 τῶν
582 419 702 496 ἐναίρων
726 415 964 498 ἀπαγγελθέντων
987 420 1181 499 Παρμενίωνα
1203 418 1256 496 μὲν

248 523 376 603 λέγουσιν
399 518 578 614 Ἀλεξάνδρῳ
602 527 690 584 εἰπεῖν
713 518 755 584 ὅτι
778 519 865 593 αὐτὸς
887 520 1127 606 ολνἈλέξανδρσς
1148 521 1185 586 ὢν
1208 527 1254 586 ἐπὶ

247 624 358 698 τούτοις
380 624 510 708 ἠγάπησε
537 625 705 699 καταλύσας
733 623 783 688 τὸν
805 621 930 706 πόλεμον
959 625 1058 708 μηκέτι
1080 629 1179 708 σρόσω
1202 653 1256 690 κιν-

248 730 378 800 δυνεύειν.
419 731 611 813 Ἀλέξανδρον
638 734 669 795 di
691 738 877 812 Παρμενίωνι
908 733 1109 814 οὶνιοκρίναθαι
1136 732 1178 798 ὅτι
1206 739 1255 797 καὶ

248 835 338 910 αὐτὸς
371 835 415 912 ἄν,
450 839 529 918 είιιερ
552 842 727 918 Παρμενίων
757 835 807 919 ἦν,
842 837 933 912 οὕτως
961 839 1096 924 ἔπραξεν,
1133 845 1193 904 ἐπεὶ
1224 842 1255 903 oi

243 943 429 1025 Ἀλέξανδρός
457 951 547 1018 ἐστιν,
581 945 796 1027 ἀποκρίνεσθαι
819 949 934 1025 Δαρείῳ
958 945 1032 1029 ἅπερ
1056 945 1092 1028 δὴ
1113 952 1162 1009 καὶ
1186 950 1255 1010 cine-
1301 925 1304 932 Ι

232 1056 374 1132 ΙιιρίνατοΙ
411 1049 466 1132 ἔφη
499 1049 554 1132 γὰρ
588 1048 651 1114 οἶσε
683 1050 834 1134 χρημάτων
863 1057 983 1114 δεῖσθαι
1018 1054 1099 1135 νεαροὶ
1131 1058 1256 1134 Δαρείου

247 1157 312 1222 orire
336 1167 388 1238 τῆς
414 1156 508 1241 χώρας
533 1161 631 1240 λαβεῖν
654 1158 719 1221 ἀντὶ
741 1169 792 1238 τῆς
815 1159 909 1237 udone
930 1157 963 1222 εὸ
985 1160 1081 1241 μέρος
1106 1159 1256 1242 εἶναιγὰρ

247 1264 285 1327 τά
302 1290 333 1327 τε
351 1265 482 1347 χρήματα
500 1269 549 1327 καὶ
565 1263 616 1344 τὴν
629 1262 827 1348 γὼρανάὖτοῦ
842 1277 956 1328 πᾶσαν·
978 1270 1069 1348 γῆμαί
1077 1288 1108 1328 τε
1120 1265 1156 1328 rio
1168 1267 1255 1346 ἐθέλῃ

247 1371 297 1451 τὴν
308 1375 435 1453 Δαρείου
447 1377 549 1456 παῖδα,
566 1381 653 1454 γῆμαι
667 1370 702 1433 ολν
722 1376 770 1433 καὶ
786 1372 819 1434 οὐ
834 1375 964 1444 θιθόιτος
974 1376 1110 1455 Δαρείου·
1128 1373 1255 1436 ἐκέλευσέ

246 1502 278 1540 τε
293 1476 382 1541 αὐτὸν
398 1475 481 1557 ἦκειν,
498 1477 531 1538 εί
537 1501 565 1538 ει
581 1476 724 1560 εὑρέσθαι
736 1475 835 1541 ἐθέλοι
849 1476 1059 1557 φιλάνθρωπον
1074 1482 1143 1562 παρ’
1157 1481 1253 1544 αὐτοῦ.

90 1587 278 1652 Alexander
315 1583 367 1652 his
405 1586 582 1667 responsis¹
605 1584 692 1650 datis
728 1584 815 1666 Tyro
850 1592 885 1650 et
921 1585 1013 1652 Gaza
1048 1586 1254 1670 expugnatis

90 1693 260 1775 Syriaque,
297 1710 391 1772 quam
420 1691 646 1757 Palaestinam
677 1696 807 1772 vocant,
845 1697 981 1774 pacata,
1011 1692 1045 1757 in
1069 1692 1254 1778 Aegyptum

91 1798 257 1883 profectus
281 1802 332 1864 est
354 1796 441 1883 (Aur.
464 1796 525 1882 Ill,
553 1798 628 1881 1,1),
653 1797 842 1865 nudavere
874 1796 977 1878 primo
1005 1796 1039 1864 in
1070 1798 1257 1865 Phoenicen

67 1924 244 1976 'reversus
268 1903 356 1984 (Aer.
381 1903 445 1986 III,
471 1901 538 1988 6,1)
562 1905 700 1985 primum
723 1903 814 1990 (ibid.
838 1923 865 1970 c.
890 1902 960 1990 6,4)
984 1906 1029 1970 ad
1051 1904 1256 2003 Thapsacum

91 2012 367 2093 Euphratemque,
393 2009 511 2076 deinde
535 2009 628 2089 (ibid.
647 2029 673 2076 o.
697 2008 762 2094 7,4)
785 2010 899 2078 nuntio
923 2011 1023 2077 allato
1039 2013 1180 2078 Dareum
1213 2012 1256 2076 ad

92 2116 215 2202 Tigrim
244 2123 355 2184 castra
387 2115 550 2200 posuisse,
575 2136 613 2184 eo
637 2115 758 2201 pergit:
782 2116 930 2185 obicum
955 2117 1099 2185 Dareum
1122 2133 1187 2201 non
1209 2117 1256 2182 in·

92 2223 246 2298 venisset,
277 2223 367 2311 (ibid.
390 2243 423 2303 oe
440 2222 506 2310 ut)
530 2225 573 2290 ad
596 2224 800 2308 Gaugamela
816 2223 997 2291 contendit.
1043 2227 1136 2292 Haec
1163 2223 1257 2290 Arri-

92 2350 181 2414 anus,
206 2333 259 2398 cui
283 2330 413 2397 Curtius
429 2331 620 2403 assentitur,
644 2330 708 2398 nisi
731 2332 816 2413 quod
839 2330 941 2397 tradit
956 2333 1100 2398 Dareum
1124 2333 1257 2398 tertiam

93 2436 292 2520 legationem
316 2436 451 2505 misisse.
518 2485 520 2491 ,

181 2543 290 2610 Curtio
326 2543 412 2610 enim
449 2549 535 2611 teste
573 2542 731 2630 (IV,I,1)
766 2543 893 2610 Dareus
933 2544 975 2608 ad
1011 2543 1116 2610 Issum
1138 2545 1256 2626 victus,

95 2650 224 2717 Onchas
247 2650 407 2735 pervenit,
433 2652 518 2717 unde
542 2651 584 2717 ad
608 2651 809 2734 Euphratem
838 2650 1014 2716 contendit.
1068 2649 1258 2714 Alexander

93 2757 195 2842 (dut.
226 2756 290 2839 ΙΠ,
315 2757 391 2843 XII,
418 2753 476 2844 33)
499 2757 627 2840 Syriam
652 2757 754 2840 petit,
790 2756 987 2839 Syriaeque,
1019 2774 1116 2837 quam
1140 2753 1259 2820 Coelen

93 2864 265 2946 nocebant,
300 2864 518 2930 Parmenione
553 2863 723 2947 praefecto
740 2862 831 2947 .(IV‚
866 2863 892 2945 Ι,
928 2861 970 2949 1),
1006 2863 1117 2929 Arado
1150 2861 1259 2928 insula

94 2969 228 3051 aliisque
252 2970 385 3037 urbibus
408 2968 443 3036 in
467 2969 664 3038 deditionem
689 2969 841 3053 acceptis,
867 2975 984 3043 castra
1000 2972 1111 3035 movet
1132 2969 1176 3033 ad
1190 2967 1259 3034 Ma·

93 3079 211 3143 cathon
240 3078 361 3160 urbem,
395 3077 452 3143 ubi
483 3077 583 3144 Darei
615 3076 789 3160 epistolam
812 3077 948 3160 accepit,
974 3076 1015 3141 de
1039 3092 1104 3157 qua
1127 3072 1259 3142 <turtius
1381 3127 1382 3130 η

95 3182 151 3266 IV,
175 3182 203 3255 I,
226 3180 248 3248 2
270 3183 353 3249 haec
376 3182 496 3252 traditi

250 3288 303 3354 Ibi
336 3287 384 3356 illi
417 3288 551 3355 litterae
586 3307 607 3354 a
634 3288 742 3355 Dareo
770 3288 972 3370 redduntur,
1001 3286 1117 3369 quibus
1144 3294 1181 3354 ut
1207 3305 1259 3352 su·

252 3397 351 3478 perbe
366 3394 496 3477 scriptis
517 3394 730 3462 vehementer
751 3393 891 3460 offensus
909 3400 975 3462 est:
998 3393 1173 3477 praecipue
1189 3411 1261 3458 eum

252 3504 373 3584 movit,
405 3502 491 3582 quod
519 3502 648 3567 Dareus
678 3500 742 3566 sibi
770 3500 860 3584 regis
885 3500 1017 3566 titulum
1040 3519 1101 3565 neo
1124 3500 1262 3566 eundem

253 3607 434 3674 Alexandri
468 3608 592 3674 nomini
631 3607 864 3690 adscripscrat.
922 3605 1115 3673 Postulabat
1152 3612 1263 3672 autem

253 3714 358 3798 magis
389 3732 486 3795 quam
510 3715 658 3796 petebat,
689 3720 726 3779 ut
756 3718 893 3796 accepta
921 3710 1068 3795 pecunia,
1093 3718 1262 3793 quautam-

254 3838 391 3903 cumque
413 3826 484 3888 tota
508 3822 700 3888 Macedonia
724 3828 868 3903 caperet,
893 3824 1029 3886 matrem
1053 3818 1116 3885 sibi
1138 3822 1172 3884 et
1188 3836 1262 3884 oon·

250 3928 364 4012 jugem
395 3927 581 4008 liberosque
609 3927 813 3994 restitueret.
868 3926 919 3991 De
949 3943 1051 4008 regno
1088 3943 1200 4006 aequo,
1235 3923 1263 3989 si

252 4035 364 4118 vellet,
387 4034 495 4100 Marte
511 4034 733 4102 contenderet.
777 4032 814 4098 si
828 4030 960 4098 saniora
976 4029 1113 4098 consilia
1129 4029 1264 4098 nudem

256 4141 325 4224 pati
346 4141 519 4223 potuisset,
545 4145 716 4206 contentus
740 4137 849 4221 patrio
873 4141 1007 4209 cederet
1022 4137 1122 4204 alieni
1138 4135 1262 4220 imperii
