3008 4614
94 315 269 400 Philippum
291 311 341 377 οόο
364 313 431 394 cpio
454 313 565 397 οοοέρο
586 313 670 382 dixit
686 323 786 397 atque
804 315 945 404 scripsit,
970 334 1158 399 semperque
1174 334 1246 383 sese

21 455 22 466 2
95 421 294 489 Heraclidem
321 421 506 505 appellavit,
537 421 730 490 incredibile
761 430 812 490 est
843 441 915 490 eum
945 424 989 489 ad
1019 423 1244 504 Athenienses,

20 519 22 632 l
95 548 164 610 quos
193 531 318 596 sciebat
344 529 378 595 in
402 547 436 598 se
458 529 611 597 illusuros
635 548 717 612 esse,
742 532 843 598 verba
866 527 948 614 αοροὶ
971 539 1021 592 eoo
1042 527 1152 610 οοορὸς
1181 536 1248 609 ἐμοῦ

94 638 373 719 προσαγορευομένου
406 637 583 720 scripsisse.
629 636 799 704 Falserius
832 636 933 721 igitur
972 656 1036 703 non
1068 637 1171 704 solum
1206 637 1246 704 de

94 743 226 811 veritate
250 744 333 810 adeo
357 761 421 810 uon
438 743 596 811 sollicitus
619 741 691 823 fuit,
716 751 753 810 ut
769 743 948 812 Alexandri
972 763 1051 828 erga
1068 743 1246 810 Athenien-

93 869 138 916 ses
159 850 409 918 henevolentiae
432 851 523 918 nulla
545 849 671 917 ratione
694 851 817 932 habita,
850 871 923 918 eum
947 853 1065 918 acerbe
1088 852 1132 917 ed
1148 851 1246 916 Athe·

93 956 213 1024 nieuses
237 957 434 1024 scribentem
450 955 587 1037 iaceret,
613 956 784 1024 sedetiam
804 958 934 1027 verbis:
958 955 1040 1040 παρὰ
1062 968 1114 1020 τοῦ
1136 955 1246 1039 πατρὸς

92 1069 153 1142 epos
175 1065 464 1148 npoeoyopooopboo
491 1066 694 1131 demonstrat
716 1083 751 1132 sc
779 1064 975 1145 rumoribus,
1008 1064 1061 1146 qui
1086 1070 1153 1131 tum
1174 1085 1246 1148 per-

92 1170 211 1256 vulgati
236 1176 341 1252 erant,
367 1163 539 1254 deceptum
562 1172 742 1238 Alexandri
764 1191 937 1255 personam
960 1191 1076 1255 gerere
1103 1190 1167 1239 non
1191 1191 1245 1255 po·

91 1277 196 1345 tuisse.
244 1279 291 1345 Ut
314 1289 422 1347 autem
446 1281 508 1346 hoc
531 1280 679 1364 exemplo
704 1279 875 1364 epistulam
901 1285 1118 1368 componeret,
1146 1277 1244 1345 iacile

22 1425 23 1441 1
91 1385 202 1452 adduci
225 1393 374 1469 poterats
406 1405 498 1454 nemo
522 1387 604 1454 enim
630 1394 712 1473 eret,
748 1387 803 1468 qui
837 1387 967 1455 fabulas
1004 1390 1044 1455 de
1067 1386 1245 1453 Alexandri

90 1499 164 1558 natu
178 1510 389 1573 rumoresque
406 1495 447 1558 de
464 1495 534 1578 ejus
551 1493 795 1560 consecratione
811 1494 993 1577 ignorarem
1017 1493 1245 1561 Alexandrum

90 1599 333 1666 Atheniensibus
349 1600 462 1668 invitis
478 1601 606 1669 exsules
621 1600 751 1668 restitui
765 1601 900 1685 jussisse
915 1608 1027 1668 notum
1044 1608 1129 1684 erat3
1150 1621 1244 1684 pare-

89 1709 151 1770 lum
162 1704 263 1788 igitur
276 1713 347 1774 eret
363 1715 588 1790 argumentum
605 1709 648 1774 cd
664 1706 835 1790 epistolem
851 1710 1114 1790 componendum.
1142 1708 1244 1775 Acce·

90 1810 134 1877 dit
150 1815 242 1893 quod,
267 1819 352 1881 teste
368 1814 511 1882 Diodoro
527 1814 667 1902 (XVIII,
692 1813 779 1902 biii)
802 1834 915 1899 regum
940 1818 1108 1883 decretum
1131 1825 1165 1883 et
1180 1815 1245 1882 alie

89 1924 120 1984 ei
135 1921 214 1987 haec
229 1922 334 1989 Verba
357 1921 558 1990 continebat:
581 1921 681 2002 Σάμον
704 1923 734 1984 δὲ
757 1926 871 2002 δίδυμον
889 1905 1056 2002 Ἀθηοοῖίοις
1078 1920 1174 2002 ἐπειδὴ
1196 1927 1244 1984 καὶ

91 2028 233 2099 Φίλιππος
263 2027 278 2089 ὁ
306 2027 413 2109 eaelo,
449 2048 534 2110 quae
571 2048 590 2095 a
619 2030 752 2112 regibus
786 2035 859 2111 post
893 2029 1078 2096 Alexandri
1109 2035 1244 2096 mortem

89 2133 192 2200 edicta
222 2135 309 2200 haud
336 2136 450 2218 ignota
482 2141 585 2206 erant.
636 2135 698 2202 His
721 2135 822 2220 igitur
856 2137 966 2207 verbis
996 2137 1126 2206 videtur
1165 2138 1244 2203 mihi

87 2237 233 2307 falsarius
257 2244 373 2311 verba:
398 2239 451 2324 ἐγώ
469 2244 521 2320 μὲν
544 2245 598 2305 οὐκ
632 2240 668 2304 ὀέο
704 2243 809 2304 ἔδωκα·
834 2241 911 2325 ἔχετο
942 2244 972 2305 ei
1003 2240 1138 2326 λαβόντος
1160 2241 1243 2325 nepo}

86 2345 265 2429 τοῦπατρὸς
296 2354 366 2426 ἐμοῦ
387 2354 677 2431 προσαγορευομένου
701 2368 862 2433 opponere
891 2350 1047 2419 Voluisse:
1079 2351 1242 2433 sophistae

87 2452 167 2520 enim
188 2453 314 2538 ingenii
337 2455 524 2523 ostentandi
547 2474 646 2524 eausa
669 2474 768 2540 saepe
799 2456 833 2523 id
857 2466 1003 2541 egerunt,
1035 2464 1071 2524 ut
1098 2457 1242 2526 virorum

86 2557 253 2627 illustrium
278 2561 365 2628 dicta
388 2563 558 2649 fingerent,
582 2583 684 2644 ecque
708 2563 845 2630 aliorum
869 2563 966 2631 dictis
990 2568 1198 2648 opponerent.

171 2685 291 2768 Quodsi
325 2688 512 2754 Alexander
545 2688 729 2772 Philippum
763 2689 951 2773 appellabat
988 2693 1142 2782 patrem„
1166 2688 1242 2754 ficta

87 2796 169 2859 certe
191 2799 265 2859 suut
289 2793 460 2878 etiamen,
485 2813 568 2876 quae
593 2813 635 2862 cx
657 2796 701 2862 M.
725 2794 883 2863 Varronis
898 2795 992 2880 libro,
1017 2795 1073 2878 qui
1086 2795 1242 2862 inscribe-

85 2897 191 2964 batur:
216 2900 337 2967 Orestes
359 2901 407 2967 oel
429 2903 468 2968 de
486 2904 618 2969 οόοοοοο
634 2902 826 2988 deprompta
848 2901 960 2969 attulit
972 2901 1098 2968 Gellius
1114 2902 1152 2966 N.
1171 2903 1240 2967 Att.

20 3051 22 3112 Ι
85 3005 175 3090 ΧΙΠ,
197 3007 262 3092 4,2.

20 3113 22 3152 ‘
237 3133 311 3199 Rex
342 3135 540 3218 Alexander,
576 3132 670 3202 Jovis
700 3132 889 3200 Hammonis
919 3133 1020 3215 illiue,
1057 3132 1241 3216 Olympiadi

20 3267 22 3352 p
237 3241 334 3307 matri
356 3242 496 3308 salutem
520 3240 609 3306 dicit.

20 3435 21 3440 ,
168 3366 241 3432 Huc
264 3365 430 3448 pertinent
452 3364 623 3432 Plutarchi
646 3366 750 3432 verbe
773 3366 814 3431 de
837 3363 975 3449 epistula
990 3364 1174 3431 Alexandri
1196 3366 1239 3430 ad

20 3441 21 3520 l
89 3467 224 3538 Graecos
247 3475 342 3552 data,
375 3473 465 3558 cujus
493 3491 592 3556 supra
619 3471 817 3539 mentionem
846 3472 919 3539 ieci.
966 3473 1051 3538 Plut.
1075 3455 1238 3554 Apophth.

88 3575 198 3645 Lacon.
223 3579 318 3648 albe.

236 3715 332 3793 Δᾶμις
362 3709 435 3795 προς
463 3712 500 3776 eoi
531 3716 719 3776 ἐπισταλέντα
753 3711 835 3792 παρὰ
868 3721 920 3776 τοῦ
948 3710 1134 3794 Ἀλεξάνδρου
1167 3708 1239 3774 θεὸν

237 3819 309 3882 οἶμαι
343 3825 555 3902 ψηφίσασθαι,
591 3819 830 3906 ,,σογχοοροῦμοο“
862 3817 916 3900 ἔφη
948 3817 1158 3902 ,,Ἀλοξάοδρῳ,
1189 3816 1238 3881 ἐὰν

236 3926 320 4008 θέλῃ,
345 3924 417 4000 θεὸς
440 3929 630 3994 καλοῖσθαι,“

90 4055 203 4128 dedum
226 4062 383 4147 leguntur
405 4062 494 4146 epud
517 4061 691 4129 Aelieuum
714 4060 753 4129 V.
777 4062 818 4129 H.
842 4059 893 4143 ΙΙ,
923 4059 973 4145 19,
1021 4060 1075 4141 qui
1104 4079 1144 4127 ea
1173 4079 1237 4127 non

90 4161 248 4236 Damidem
273 4168 404 4250 dixisse,
429 4169 487 4235 sed
511 4169 785 4235 Lacedaemonios
809 4167 992 4236 decrevisse
1015 4165 1126 4234 tradit.
1172 4167 1238 4234 Sed
