3016 4612
691 101 784 191 ao,

214 296 441 363 Alexandrum
463 295 653 364 litterarum
682 299 863 364 studiosum
893 298 995 364 luisse
1024 317 1063 364 eo
1091 299 1298 365 demonstrat

116 401 336 482 Plutarchus,
360 404 447 483 quod
470 402 654 485 Harpalum
686 402 785 486 Jussit
814 403 879 470 sibi
906 403 1008 472 libros
1038 404 1177 471 mittere.
1207 403 1296 471 Plut.

118 506 184 574 vit.
209 508 306 574 Alex.
330 507 424 574 VIII.

285 642 340 695 τῶι
362 634 393 694 δὲ
417 629 511 693 ἄλλαι
532 635 649 714 βιβλίων
672 633 724 694 οὐκ
748 635 876 712 εὐπορῶν
899 640 929 695 dr
951 647 1011 706 τοῖς
1035 631 1095 696 ἅνω
1118 631 1218 706 τόποις
1226 631 1294 716 'Ap-

286 741 380 798 ιιαλοι
403 735 534 799 &alleves
557 734 683 817 ιιίμψαι.

117 859 330 942 Quamquam
353 863 552 928 Plutarchus
577 861 738 946 epistulae
762 861 957 929 mentionem
980 882 1046 929 non
1069 862 1161 947 facit,
1185 870 1296 932 tamen

118 967 290 1035 assentior
313 966 442 1050 Gelono,
454 967 477 1052 ¹)
508 967 562 1048 qui
586 969 810 1035 Alexandrum
839 970 882 1035 ad
905 969 1088 1052 Harpalum
1119 969 1295 1052 epistulam

116 1074 255 1140 dedisse
279 1071 446 1138 existimat
468 1083 502 1138 et
524 1074 611 1138 hanc
638 1074 679 1138 de
701 1073 892 1140 Alexandro
915 1073 1138 1140 narrationem
1161 1093 1232 1142 cum
1255 1075 1296 1141 iis

115 1185 308 1263 comparat,
344 1195 428 1259 quae
462 1178 502 1244 de
535 1175 705 1244 Friderioo
740 1177 861 1260 Magno
893 1179 1015 1244 Preuss
1043 1181 1078 1244 in
1106 1179 1178 1245 rita
1213 1181 1295 1262 ep'us,

117 1285 211 1372 (Vol.
242 1286 324 1369 1,a,
353 1305 385 1366 p.
414 1281 506 1368 214)
530 1283 622 1349 dicit.
667 1285 762 1350 Hanc
786 1302 912 1365 quoque
936 1282 1109 1366 epistulam
1131 1303 1196 1351 non
1224 1302 1297 1352 esse

118 1410 163 1458 ex
190 1391 403 1474 epistularum
431 1409 567 1474 corpore
599 1393 825 1473 depromptam
854 1393 1061 1473 perspicuum
1092 1399 1143 1458 est
1175 1411 1217 1459 ex
1246 1411 1295 1471 eo,

119 1497 213 1577 quod
238 1497 437 1565 Plutarchus
461 1495 603 1562 dilucide
626 1495 728 1562 libros
750 1495 907 1576 nominat,
933 1515 1013 1577 quos
1037 1501 1116 1563 tunc
1132 1497 1298 1578 Harpalus

117 1603 316 1670 Alexandro
341 1601 438 1668 misit.

218 1725 417 1792 Plutarchus
441 1725 602 1794 adversus
627 1725 771 1792 Colotem
797 1725 909 1792 1126D
935 1725 1030 1791 dicit:

285 1831 368 1912 ιιαραλ
402 1833 433 1894 tl
467 1831 665 1914 Ξενοκράτους
697 1833 883 1914 Ἀλέξανδρος
918 1830 1072 1911 ὑποθήκας
1108 1829 1194 1912 ᾔτησε
1227 1837 1295 1914 περὶ

285 1941 445 2020 βασιλείας,

121 2081 205 2148 (ium
235 2082 394 2147 traditum
428 2081 471 2148 sit
501 2081 731 2148 Alexandrum
761 2084 803 2149 ab
835 2082 1013 2150 Aristotele
1048 2087 1224 2164 praecepta
1254 2083 1296 2148 de

120 2206 226 2272 regno
262 2186 417 2269 petivisse
441 2187 716 2270 Aristotelemque
752 2188 933 2254 Alexandri
961 2193 1081 2272 rogatu
1107 2188 1227 2254 librum
1254 2188 1295 2254 de

122 2311 228 2376 regno
252 2294 392 2358 adeum
415 2292 552 2376 misisse,
577 2292 675 2361 facile
700 2293 817 2361 credas
834 2293 1057 2361 Xenocratem
1082 2313 1153 2362 cum
1170 2291 1296 2360 Aristo·

123 2399 191 2465 tela
216 2419 237 2465 a
251 2397 429 2464 Plutarcho
454 2398 624 2465 confusum
641 2417 713 2465 esse
737 2416 775 2465 eo
790 2402 905 2481 magis
930 2401 1015 2479 quod
1031 2401 1147 2465 mirum
1162 2398 1295 2466 videtur

121 2504 350 2571 Alexandrum
383 2504 426 2569 ab
454 2511 593 2584 utroque
622 2503 813 2587 philosopho
845 2503 1011 2586 petivisse,
1046 2509 1082 2570 ut
1112 2505 1152 2569 de
1182 2504 1296 2568 eadem

124 2629 161 2677 re
176 2612 219 2676 ad
234 2629 271 2677 se
287 2609 479 2676 scriberent.
525 2611 591 2676 Sed
607 2612 692 2692 apud
708 2612 914 2683 Athenaeum
938 2608 977 2695 (I,
1002 2609 1032 2694 5,
1058 2609 1116 2694 31.)
1139 2608 1294 2692 legimus:

121 2715 294 2795 Ἀιαιφαίιης
318 2719 405 2794 φησὶν
428 2712 470 2777 ὅτι
493 2716 675 2795 Ξιιοκραίιης
698 2717 713 2778 ὁ
736 2714 939 2794 Χαλκηδόνιος
964 2757 1005 2766 -
1028 2752 1073 2762 -
1096 2717 1145 2774 καὶ
1162 2712 1291 2794 Ἀριστο-

126 2819 208 2900 τελης
236 2817 404 2901 βασιλικοὺς
427 2821 531 2898 νόμους
553 2820 674 2903 ἔγραψε.
721 2821 756 2888 Si
787 2822 891 2888 verba
930 2817 1095 2900 βασιλικοὺς
1121 2816 1225 2898 νόμους
1253 2819 1297 2883 (λθ

128 2926 316 2994 Aristotelis
339 2925 422 2993 libro
458 2932 524 3009 περὶ
555 2932 707 3008 βασιλείας
730 2928 819 2994 dicta
842 2932 927 3005 sunt,
964 2928 1049 3008 quod
1074 2926 1181 3004 oredo,
1210 2929 1296 3005 βασι-

127 3034 199 3126 λικοὶ
223 3030 309 3098 enim
333 3030 414 3110 νόμοι
436 3031 471 3098 in
495 3032 657 3100 indicibus
686 3033 846 3099 librorum
868 3031 1058 3099 Aristotelis
1086 3050 1151 3097 uon
1181 3049 1297 3097 memo·

127 3143 251 3215 rantur,
273 3135 437 3220 probabili
461 3139 649 3222 conjectura
673 3139 803 3220 assequi
826 3139 906 3204 licet
927 3139 1137 3204 Athenaeum
1160 3135 1298 3202 slmilem

12 3255 13 3278 ¹
129 3241 330 3309 Xenocratis
360 3243 488 3326 librum,
523 3244 559 3311 id
593 3250 644 3312 est
676 3244 795 3311 librum
829 3249 895 3324 περὶ
928 3247 1097 3324 βασιλείας,
1131 3240 1299 3324 βασιλικοὺς

129 3348 233 3428 νόμους
250 3349 451 3431 appellasse;
468 3368 550 3431 quae
569 3350 756 3433 conjectura
773 3351 985 3417 confirmatur
1001 3350 1158 3434 Diogenis
1173 3347 1299 3415 Laertii

130 3455 242 3521 verbis
268 3453 338 3538 (IV,
363 3455 394 3537 2,
419 3455 455 3541 9)
480 3457 536 3537 qui
562 3455 597 3521 in
626 3456 733 3522 indice
765 3475 897 3539 operum
925 3457 1122 3524 Xenocratis
1147 3459 1299 3520 recenset

129 3573 257 3642 στοιχεῖα
279 3558 355 3641 πρὸς
379 3557 568 3653 Ἀλέξαιιλριιι
590 3566 658 3642 ,trapi
686 3565 841 3642 βασιλείας
863 3568 900 3628 δ’.
934 3562 1014 3628 Cum
1037 3561 1140 3644 igilur
1171 3565 1300 3628 consus

11 3657 12 3690 ³
130 3666 350 3735 Xenocratem
381 3685 509 3748 quoque
532 3668 720 3735 Alexandro
744 3669 864 3736 librum
900 3668 954 3735 vel
986 3670 1089 3734 libros
1124 3668 1163 3733 de
1193 3683 1305 3748 regno

130 3773 273 3857 misisse,
296 3779 551 3840 consentaneum
575 3780 626 3840 est
648 3775 734 3841 hunc
757 3773 876 3840 librum
900 3775 943 3840 ab
967 3792 1006 3840 eo
1038 3773 1195 3855 scriptam
1226 3789 1301 3838 esse

11 3865 12 3904 ³
132 3879 318 3946 Alexandro
340 3885 485 3961 petente,
511 3897 549 3945 eo
573 3879 677 3963 magis
702 3881 788 3961 quod
813 3881 1004 3946 Alexander
1027 3877 1236 3944 familiariter
1259 3895 1298 3944 eo

220 4127 241 4193 1)
259 4124 338 4179 Alex.
357 4140 383 4180 u.
402 4125 509 4180 Aristct.
527 4141 553 4194 p.
573 4125 606 4182 58
625 4141 664 4193 sq.
