3016 4612
648 131 690 196 47

169 327 250 392 Post
273 343 418 408 pugnam
435 327 478 392 ad
495 325 704 408 Gaugamela
726 324 849 393 iactam
865 326 1024 408 epistulas
1048 330 1092 395 ad
1109 330 1253 397 Graecos

85 433 124 498 de
145 430 379 516 tyrannidibus
402 430 594 499 evertendis
617 431 792 514 praecipue
815 433 858 498 ad
873 432 1087 500 Plataeeuses
1109 436 1150 501 de
1171 436 1253 502 urbe

84 537 288 604 restituenda
303 537 528 604 Alexandrum
553 536 684 604 dedisse
707 543 850 606 testetur
864 539 1061 606 Plutarchus
1084 540 1142 609 vit.
1158 541 1252 608 Alex.

83 644 244 711 XXXIV.

13 787 15 790 ·
243 749 484 827 Φιλοτιμοίμενος
504 750 536 810 δὲ
551 743 625 828 πρὸς
638 747 706 820 τοὺς
722 746 863 828 Ἕλληνας
886 748 998 832 ἔγραψε
1012 748 1067 822 τὰς
1084 755 1255 834 τυραννίδας

243 856 345 930 πιέσας
367 859 570 935 καταλυθῆναι
592 859 642 917 καλ
657 854 815 918 πολιτεύειν
838 856 1020 935 αι’πονιλιιους,
1044 863 1103 936 ἰδία
1126 860 1158 921 δὲ
1174 862 1255 920 Πλα-

241 973 354 1026 ταιεῦσι
377 960 426 1040 τὴν
448 959 532 1024 πόλιν
559 961 769 1043 ἀνοικοδομεῖν,
801 959 845 1024 ὅτι
871 960 923 1041 τὴν
951 961 1044 1044 χώραν
1075 971 1104 1026 ol
1132 972 1256 1044 πατίρες

242 1070 336 1130 αὐτῶν
370 1071 611 1148 ἐναγωνίσασθαι
643 1077 704 1138 τοῖς
729 1063 865 1145 Ἕλλησιν
899 1069 971 1148 ὑπὲρ
1004 1065 1054 1148 της
1087 1072 1256 1150 ἐλευθερίας

243 1179 397 1257 παρέσχον.

85 1281 156 1349 Hae
179 1280 341 1363 epistulae
364 1283 461 1346 erant
483 1279 555 1346 sine
579 1278 677 1346 dubio
700 1280 735 1346 in
758 1279 933 1346 tabulariis
949 1293 1174 1366 conservatae,
1198 1285 1257 1350 aad

84 1386 298 1454 Plutarchum
322 1403 380 1452 eas
402 1404 444 1452 ex
459 1385 543 1452 libro
560 1385 729 1467 scriptoris
745 1385 862 1468 prioris
879 1386 1000 1454 aetatis
1016 1387 1257 1471 deprompsisse

86 1511 125 1560 ex
147 1511 186 1560 eo
212 1490 426 1576 intelligitur,
458 1493 544 1574 quod
573 1490 608 1558 iu
635 1490 676 1558 iis
699 1490 878 1559 afferendis
901 1511 964 1573 quo
987 1499 1134 1576 tempore
1157 1496 1256 1562 datae

85 1599 149 1666 siut
179 1598 297 1666 tradit.
343 1597 480 1665 Verbis:
512 1595 586 1677 πρὸς
615 1595 683 1670 τοὺς
699 1594 840 1676 Ἕλληνας
862 1597 1051 1667 iudicantur
1079 1601 1115 1667 in
1143 1600 1257 1683 primis

86 1704 223 1788 tyranni
248 1704 446 1787 insularum,
480 1705 566 1785 quod
597 1703 715 1787 conjici
743 1703 822 1772 licet
851 1722 894 1770 ex
916 1704 1051 1772 Arriani
1080 1706 1157 1792 (ΠΙ,
1186 1706 1256 1796 2,7)

83 1812 213 1878 verbis:
246 1809 432 1891 Ἀλίξανδρος
461 1812 493 1872 δὲ
515 1808 581 1882 τοδς
608 1808 764 1892 τυράννους
793 1812 846 1889 μὲν
869 1809 933 1882 roric
956 1811 987 1872 ia
1009 1819 1065 1874 τῶν
1087 1808 1197 1875 πδλεων
1228 1816 1258 1886 ἐς

13 1972 14 1976 ,
84 1916 134 1990 τὰς
156 1914 260 1989 πόλεις
281 1915 398 1996 πίμπει,
421 1914 595 2000 χρήσασθαι
611 1914 692 1989 ὅπως
705 1917 853 1980 ίθίλαεν·
871 1915 935 1990 toric
949 1919 981 1979 δλ
997 1917 1069 1996 ἄμφ’
1090 1917 1258 1984 Ἀπολλωνί-

83 2029 131 2102 δην
151 2021 223 2095 τοδς
251 2028 342 2094 Χίους
364 2023 394 2094 ἐς
416 2024 620 2103 Ἐλεφαντίνην
642 2020 725 2086 πόλιν
745 2022 912 2104 Αίηυπτίον
934 2021 983 2096 ξίν
1005 2015 1119 2103 φυλακῇ
1143 2026 1263 2108 ἀκριβεῖ

13 2141 17 2204 ρ
85 2129 227 2213 ἔπεμψεν,
245 2147 439 2211 quamquam
455 2129 547 2208 haec,
565 2146 650 2210 quae
664 2126 826 2196 Arrianus
841 2135 968 2212 namet,
984 2127 1165 2198 factasunt
1180 2137 1258 2200 ante

86 2255 227 2320 pugnam
261 2235 304 2302 ad
335 2232 549 2318 Gaugamela.
603 2234 656 2300 De
691 2233 850 2318 Dionysio
880 2234 1066 2304 Heracleae
1099 2235 1258 2306 Pouticae

16 2327 17 2334 ί
85 2349 226 2425 tyranno
239 2340 389 2410 conferas
401 2341 608 2408 Memnonem
619 2342 708 2424 apud
719 2340 874 2408 Photium
886 2339 983 2427 (Bibl.
995 2343 1066 2409 cod.
1079 2341 1258 2418 ccxxiv,

86 2449 148 2518 vol.
170 2448 236 2531 III,
260 2468 293 2530 p.
317 2445 383 2513 884
406 2448 459 2514 ed.
482 2446 618 2533 Migne).
665 2444 727 2514 His
750 2448 985 2514 adnumerandi
1007 2445 1152 2514 fortasse
1181 2453 1260 2517 sunt

85 2554 219 2622 Siciliae
241 2555 391 2638 tyranni,
423 2552 486 2620 etsi
508 2552 698 2621 Alexander
720 2554 764 2620 ad
786 2571 843 2620 eos
865 2559 943 2620 tuuc
967 2555 1008 2620 de
1030 2556 1094 2622 hcc
1115 2573 1153 2620 re
1179 2556 1258 2624 acri·

86 2661 189 2744 puisse
204 2680 270 2728 non
285 2660 427 2728 ridetur.
466 2660 520 2726 Ad
533 2657 746 2728 crotoniatae
760 2666 869 2727 autem
882 2661 996 2728 eodem
1011 2667 1158 2743 tempore
1173 2662 1259 2730 dona

15 2791 16 2840 3
87 2767 261 2851 magnifica
282 2785 356 2834 eum
378 2765 506 2834 misisse
528 2765 728 2832 Plutarchus
751 2764 873 2834 ibidem
896 2768 1014 2833 tradit:

15 2851 16 2886 ί
239 2868 376 2953 'Enopiae
399 2874 430 2936 δὲ
446 2876 496 2934 καὶ
511 2871 731 2951 Κροτωνιάταις
746 2876 786 2942 είς
801 2872 927 2934 Ἰταλίαν
942 2878 1098 2954 piperatis
1111 2870 1258 2953 lespiam,

246 2978 296 3058 τὴν
320 2979 457 3042 Φαΰλλου
479 2987 531 3042 τοῦ
554 2977 686 3056 ἀθλητοῦ
707 2987 795 3055 τιμῶν
825 2981 994 3060 προθυμίαν
1016 2983 1067 3042 nal
1089 2977 1202 3062 ἀρετήν,
1228 2977 1260 3054 ὃς

246 3090 312 3167 περί
341 3083 378 3147 τοί
407 3083 526 3164 Μηδικαὶ
558 3093 614 3148 τῶν
648 3081 740 3146 ἄλλων
766 3085 936 3148 Ἰταλιωτῶν
962 3084 1164 3166 ἀπεγνωκότα
1191 3083 1260 3161 τοὺς

241 3189 381 3270 Ἕλληνας
403 3190 562 3254 ἰδιόστολον
588 3189 657 3272 ἔχων
686 3200 755 3253 ναῦν
785 3188 922 3252 ἔπλευσεν
952 3196 993 3263 είς
1023 3195 1180 3269 Σαλαμῖνα
1208 3201 1261 3255 τοῦ

247 3293 377 3360 κινδιλνου
399 3319 427 3358 τι
449 3296 592 3375 μεθέξων.

89 3403 212 3487 ίλοίοωε
244 3403 418 3470 decausis
447 3404 639 3470 Alexander
670 3404 756 3470 dona
788 3401 946 3488 maurel,
980 3402 1100 3486 legisse
1127 3403 1260 3472 videtur

91 3510 287 3578 Plutarchus
309 3516 368 3576 aut
391 3509 426 3576 iu
448 3508 542 3593 libro,
567 3527 609 3576 ex
632 3528 697 3590 quo
720 3509 802 3576 haec
825 3508 1039 3592 deprompsit,
1063 3515 1121 3576 aut
1143 3509 1179 3578 iu
1194 3511 1260 3592 epi·

15 3663 16 3692 2
92 3617 176 3684 stula
200 3616 379 3684 Alexandri
402 3617 445 3682 ad
468 3615 678 3683 Gmtoniatas
701 3617 795 3696 data,
827 3633 922 3696 quem
953 3615 1049 3684 simul
1071 3633 1143 3684 cum
1166 3615 1260 3684 donis

16 3735 18 3816 j
91 3723 263 3803 epistulam
285 3724 331 3789 ad
353 3740 409 3790 eos
435 3720 566 3788 dedisse
590 3731 846 3789 consentaneum
867 3721 1010 3790 ridetur.

16 3845 17 3854 ¹
176 3827 411 3898 Callmthemm
426 3827 522 3894 multi
537 3827 669 3909 quidem
681 3826 877 3911 jampridem
893 3826 1059 3894 criminati
1073 3833 1179 3908 eraut,
1202 3829 1262 3896 aed

93 3931 261 4002 Hermolai
284 3934 508 4018 conjuratione
531 3934 665 4001 detecta
687 3933 780 4015 pueri
809 3951 852 4000 ne
879 3932 914 3998 in
936 3933 1109 4002 tormentis
1131 3932 1261 4014 quidem

16 4033 17 4036 ’
95 4039 233 4108 confessi
267 4047 345 4110 suut
380 4059 454 4108 eum
489 4039 725 4126 conjurationis
759 4040 925 4108 conscium
955 4039 1070 4120 fuisse,
1105 4039 1141 4106 id
1175 4041 1262 4123 quod

92 4143 288 4214 Plutarchus
311 4147 492 4215 Alexandri
515 4146 659 4231 epistula
682 4146 862 4214 confimat.
886 4146 947 4216 vit.
970 4145 1065 4212 Alex
1090 4147 1160 4214 LV.
