3008 4614
812 135 878 205 138

259 355 344 404 mum
360 335 526 403 induxisse
542 340 580 401 ut
595 335 656 401 tali
672 336 819 419 exemplo
836 335 1008 417 epistulam
1024 335 1167 419 lingeret
1182 340 1241 402 aut
1256 336 1431 418 epistulam

260 452 293 511 et
315 443 547 526 narrationem,
564 461 649 524 quae
666 442 708 507 ad
725 459 796 509 eam
812 441 969 525 adjuncta
985 448 1044 526 est,
1061 461 1104 509 ex
1120 443 1246 508 duabus
1263 443 1431 508 memoriis

261 548 406 616 confusis
429 555 518 616 ortas
542 567 614 616 esse
638 548 794 615 credibile
813 567 878 616 non
904 554 964 615 est.
1010 549 1063 616 Ex
1087 549 1299 632 epistularum
1320 555 1430 616 autem

261 673 394 738 corpore
425 674 496 722 eam
526 673 592 722 non
621 673 692 722 esse
721 656 944 738 depromptam
968 655 1174 738 perspicuum
1198 661 1248 723 est
1270 661 1369 723 etex
1391 673 1429 723 eo

260 764 347 844 quod
375 781 448 829 oum
477 761 666 828 narratione
690 762 731 828 de
754 761 937 828 Alexandri
959 763 1071 828 morbo
1093 767 1185 829 arcte
1209 763 1373 846 cohaeret,
1399 768 1432 828 et

238 853 301 934 'ex
327 868 499 939 infinitivis
531 867 619 954 (arr.
651 869 698 948 Π,
732 867 785 951 4,7
817 869 899 955 sqq).
928 849 1088 948 visana,
1125 866 1262 951 ιχιιιιι,
1298 868 1428 952 saecu,

261 977 382 1060 ἐθέλειν,
406 974 536 1049 κελεύειν,
568 974 797 1058 παρασκευάζειν
827 981 953 1054 δοθῆναι
983 974 1143 1054 ἐπιστολήν,
1174 974 1230 1056 qui
1254 993 1366 1041 omnes
1390 993 1430 1042 ex

238 1084 363 1170 ¹uerbo
393 1085 505 1165 λέγουσι
533 1083 687 1165 pendent.
732 1081 984 1149 Parmenionem
1014 1087 1136 1164 autem,
1160 1100 1256 1164 quem
1278 1081 1430 1150 Justinus

260 1190 320 1274 XI,
349 1188 403 1274 8,5
430 1209 450 1256 a
479 1187 694 1272 Cappadocia,
723 1189 920 1257 Plutarchus
949 1188 1007 1257 vit.
1033 1189 1126 1256 Alex.
1150 1188 1235 1254 XIX
1271 1189 1429 1254 ecastris

261 1296 434 1379 epistulam
459 1295 589 1362 dedisse
604 1297 747 1379 madunt,
773 1313 967 1377 quamquam
983 1295 1142 1362 Arrianus
1158 1295 1203 1379 II,
1220 1293 1273 1378 5,l
1298 1292 1379 1360 dicit
1400 1299 1430 1355 ἐκ

261 1404 292 1463 ol
307 1399 409 1463 τούτου
423 1405 618 1484 Παρμενίωνα
635 1403 686 1478 μὲν
701 1399 809 1478 πέμπει
825 1402 871 1462 tol
886 1397 940 1473 αεὶς
956 1397 1047 1472 ἄλλας
1062 1399 1155 1473 πύλας
1170 1403 1230 1467 κτλ.
1247 1410 1358 1468 tamen
1374 1399 1429 1466 illo

261 1514 418 1590 tempore,
450 1526 512 1589 quo
536 1508 728 1576 Alexander
751 1507 785 1574 in
808 1511 953 1575 morbum
977 1507 1108 1592 incidit,
1142 1528 1207 1576 non
1229 1508 1334 1578 inisse
1358 1528 1431 1575 cum

261 1615 447 1682 Alexandro
470 1613 668 1698 intelligitur
689 1633 730 1680 ex
744 1614 881 1682 Arriani
902 1615 947 1698 II,
965 1613 1017 1698 4,3
1035 1614 1160 1684 verbis:
1184 1619 1234 1677 καὶ
1256 1615 1431 1694 ἀφικόμενος

261 1725 308 1782 ἐπὶ
331 1717 363 1784 τὸ
385 1719 487 1803 Κύρου
507 1731 559 1784 ποῦ
582 1717 631 1796 ξὺν
653 1723 816 1802 Ξενοφῶντι
840 1721 1037 1802 στρατόπεδον
1060 1773 1067 1788 .
1094 1773 1101 1788 .
1127 1771 1135 1788 .
1159 1725 1357 1802 Παρμενίωνα
1380 1723 1429 1800 μὲν

261 1828 350 1890 αὐτοῦ
373 1831 538 1890 καταλείπει
561 1827 610 1901 ξὺν
632 1841 696 1900 ταῖς
717 1826 817 1901 τάξεσι
833 1841 886 1891 τῶν
901 1828 991 1901 πεζῶν
1007 1825 1070 1890 ὅσοι
1084 1823 1242 1910 βαρύτερον
1257 1831 1429 1906 ὡπλισμένοι

262 1930 349 2014 ἦσαν·
373 1933 460 2006 αὐτὸς
483 1937 513 1997 dl
543 1934 757 2022 (Ἀλέξανδρος)
786 1935 864 2015 ἀμφὶ
887 1933 999 2017 πρώτην
1023 1932 1153 2015 φυλακὴν
1180 1971 1222 1983 -—
1249 1975 1293 2014 .···
1319 1971 1366 1984 -
1389 1973 1430 1982 -

261 2065 367 2124 προηγε
389 2037 440 2120 τῆς
462 2040 561 2114 νυκτὸς
584 2039 807 2114 intricatior
828 2091 939 2116 .....
962 2051 1054 2104 ταῦτα
1071 2040 1201 2114 α’καίνσας
1222 2040 1429 2126 (Ἀλέξανδρος)

262 2145 359 2227 δρόμῳ
383 2142 446 2229 ἦγεν
469 2151 516 2209 επὶ
538 2145 589 2224 τὴν
615 2143 745 2229 Ταρσόν,
776 2167 860 2230 quae
883 2147 912 2214 si
934 2147 1041 2215 Ruebl
1064 2154 1098 2214 et
1121 2148 1177 2228 qui
1200 2165 1274 2214 eum
1297 2156 1428 2216 secutus

262 2259 313 2320 est
335 2252 486 2319 Pridicus
514 2251 704 2336 diligentius
735 2253 996 2336 perspexissent,
1015 2272 1092 2326 ¹non
1123 2253 1429 2338 interrogavissent,

262 2361 423 2428 undenam
438 2367 602 2426 terrarum
615 2359 790 2427 Parmenio
807 2360 1001 2443 scripsisset.
1039 2361 1132 2428 Haec
1148 2362 1190 2427 de
1202 2361 1430 2428 Parmenionis

262 2466 417 2550 epistula,
446 2484 544 2547 quam
571 2465 630 2534 alii
660 2467 725 2536 viri
752 2466 873 2553 doctil)
902 2467 936 2533 in
966 2466 1069 2550 veris,
1104 2465 1196 2555 alii2)
1227 2465 1261 2533 in
1288 2467 1429 2534 subditis

262 2578 448 2656 posuerunt.
483 2573 685 2656 Olympiadis
697 2579 809 2640 autem
821 2573 1001 2658 epistulam,
1019 2573 1110 2656 cujus
1122 2575 1217 2640 modo
1232 2573 1429 2642 mentionem

259 2679 334 2760 ieci,
363 2679 460 2746 affert
481 2680 642 2746 Diodorus
664 2679 773 2764 XVII,
798 2677 883 2763 32,1.

418 2791 466 2848 Ἡ
484 2788 515 2849 dl
537 2785 628 2866 μὴπηρ
650 2797 701 2850 τοῦ
721 2787 864 2867 βασιλέως
883 2785 994 2870 ἔγραψε
1016 2785 1089 2868 πρὸς
1111 2785 1161 2850 τὸν
1182 2786 1372 2868 Ἀλέξανδρον
1393 2783 1428 2848 πελ

420 2916 452 2956 κε
486 2890 560 2956 ἄλλα
596 2902 651 2956 πῶν
688 2897 833 2975 χρησίμων
866 2897 914 2954 καὶ
951 2891 1022 2956 διότι
1060 2891 1254 2974 φυλάξασθαι
1291 2891 1426 2976 προσήκει

419 2999 468 3062 τὸν
491 2999 659 3083 Λνγκησαὴν
677 2998 874 3082 Ἁλέξανδρον.

260 3107 358 3172 Hanc
381 3105 553 3189 epistulam
570 3107 757 3175 Alexander
781 3106 945 3190 accepisse
968 3106 1103 3176 videtur
1124 3113 1203 3174 ante
1225 3126 1371 3192 pugnam
1386 3107 1426 3174 ad

260 3215 365 3280 Issum
400 3212 535 3295 factam,
569 3213 604 3279 id
640 3214 724 3296 quod
760 3233 801 3280 ex
835 3212 970 3280 Diodori
998 3213 1110 3283 verbis
1138 3213 1279 3297 perspici
1309 3219 1424 3298 potest.

260 3319 312 3386 De
335 3319 527 3386 Alexandro
551 3321 720 3402 Lyncesto
744 3320 894 3388 conferas
916 3318 1054 3388 Diodori
1076 3320 1185 3400 XVII,
1203 3319 1255 3401 80,
1272 3319 1307 3403 23
1325 3318 1425 3387 Ourtii

259 3426 335 3510 VII,
361 3426 386 3508 I,
412 3425 445 3510 1,
470 3424 605 3492 Arriani
627 3427 653 3515 I,
676 3425 730 3493 25.

347 3532 569 3600 Alexandrum
597 3552 668 3599 cum
692 3535 878 3616 Amyntam,
903 3539 937 3600 et
960 3533 1095 3600 Simiam
1120 3535 1350 3617 conjurationis
1374 3551 1423 3599 ac-

260 3645 400 3724 cusaret,
425 3639 586 3723 epistulae
610 3640 725 3705 matris
749 3638 811 3706 'sibi
834 3640 956 3707 allatae
972 3639 1170 3707 mentionem
1186 3638 1305 3708 iecisse
1321 3638 1422 3706 tradit

259 3747 392 3814 Curuus
415 3745 491 3825 VII,
518 3743 583 3825 1,2:

349 3924 370 3992 ¹)
387 3923 427 3982 st.
447 3922 533 3993 Omix,
552 3923 672 3976 Examen
691 3921 800 3991 critique
821 3921 891 3978 1804
912 3938 938 3990 p.
957 3922 1009 3977 248
1027 3938 1067 3992 sq.
1085 3923 1215 3996 Drepane,
1234 3924 1312 3981 Alex.
1324 3923 1419 3996 (Gotho

260 4011 340 4082 1877)
358 4013 373 4066 Ι
390 4029 415 4082 p.
434 4014 495 4082 ale,
513 4013 561 4067 sed
579 4011 699 4066 conferas
716 4010 778 4064 ibid.
797 4010 877 4065 etiam
893 4011 930 4080 11,
950 4028 974 4081 p.
993 4012 1053 4068 403.

348 4100 489 4170 ¹)Flathe,
517 4099 611 4154 Gescb.
638 4101 738 4157 Maced.
766 4099 788 4167 I,
816 4115 842 4168 p.
869 4099 935 4169 29&
964 4099 1049 4170 Riihl,
1077 4100 1165 4158 Fleolr.
1189 4101 1280 4156 Jahrb.
1294 4097 1418 4156 ¹CXXIII

259 4189 354 4258 (18811
372 4205 397 4258 p.
416 4191 467 4246 361
487 4204 543 4258 sqq.
563 4188 658 4258 quibus
676 4189 820 4244 assentitur
836 4187 956 4242 Pridicus
974 4187 1035 4245 ibid
1053 4205 1080 4258 p.
1099 4190 1151 4245 119
1169 4205 1208 4259 sq.
1306 4235 1308 4238 .
