3016 4612
789 117 831 182 36

379 313 569 394 Ἀλέξανδρος
598 316 629 374 dl
662 313 691 374 ἐν
724 323 759 391 τῇ
788 311 861 392 πρὸς
893 308 1051 384 Φιλόξενον
1087 310 1222 390 ἐπιστολῇ
1255 308 1403 390 μέμνηται

387 420 539 500 Θεοδώρου
565 422 619 480 ιιοιί
639 423 830 499 Χρυσίππου.

226 527 315 610 Quos
337 527 536 594 Plutarchus
571 529 681 596 παῖδας
710 525 760 588 tto
794 526 850 591 vel
884 528 990 603 φοριία
1014 523 1170 608 appellat,
1205 522 1404 589 Athenaeus

227 631 380 715 Θεόδωρον
418 641 452 700 et
475 629 653 712 Χρύσιππον
690 633 845 698 nominat.
899 630 1106 696 'l'heodorum
1141 638 1251 696 autem
1284 629 1403 696 vaudi-

224 747 331 806 torem
361 737 463 806 fulsse
492 738 572 804 dicit
594 738 801 805 Plutarchus.
848 739 899 804 De
920 736 1102 802 Philoxeno
1131 734 1282 802 conferas
1304 735 1404 801 Arri·

225 846 282 912 ani
304 844 368 928 111,
393 846 423 928 6,
448 845 483 927 4;
512 845 589 928 VII,
615 842 668 927 23,
694 843 728 924 13
757 843 864 927 24,1.
909 843 1007 910 Hanc
1038 841 1210 924 epistulam
1238 841 1402 927 atillam,

226 970 323 1032 quam
346 951 545 1018 Plutarchus
572 950 631 1019 rit.
659 950 754 1017 Alex.
784 949 881 1015 LVII
909 947 1034 1032 attulit,
1064 949 1238 1015 Kaerstius
1266 946 1401 1033 (Philol.

225 1057 272 1124 LI
295 1079 326 1140 p.
352 1057 427 1140 606,
451 1077 482 1139 p.
508 1054 586 1140 616)
609 1075 651 1122 66
674 1055 888 1138 epistularum
909 1072 1046 1136 corpore
1062 1055 1271 1136 depromptas
1287 1053 1402 1120 subdi·

224 1172 341 1244 tasque
357 1181 428 1230 esse
452 1181 493 1230 cx
517 1181 555 1228 eo
572 1162 698 1244 colligit
707 1163 743 1246 1),
769 1159 980 1242 quodetiam
995 1160 1190 1226 Athenaeus
1214 1161 1400 1226 earundem

225 1269 425 1336 mentionem
453 1269 544 1350 fecit,
575 1267 669 1349 quasi
696 1286 755 1350 pro
784 1271 875 1334 certo
903 1267 1091 1332 habendum
1121 1265 1165 1330 sit
1188 1265 1401 1332 Athenaeum

223 1375 326 1442 libros
350 1393 460 1441 rerum
483 1373 667 1440 Alexandri
691 1373 887 1455 scriptorum
910 1372 1129 1456 conlegisse,
1154 1377 1212 1438 aut
1236 1371 1399 1455 epistulas

227 1500 292 1549 non
316 1480 563 1564 deprompsisse,
588 1480 650 1546 uisi
675 1498 716 1546 ex
739 1478 953 1561 epistularum
976 1477 1176 1560 corporibus.
1223 1478 1398 1560 Equidem,

225 1587 378 1670 quoniam
393 1588 535 1670 epistula
558 1604 630 1653 cum
646 1584 846 1668 narratione,
870 1585 913 1650 66
930 1601 1027 1665 quam
1044 1583 1201 1666 adjuncta
1217 1591 1277 1667 est,
1303 1590 1399 1650 arcte

225 1695 380 1760 cohaeret
406 1694 591 1774 verbaque:
626 1695 758 1774 χαλεπῶς
793 1687 911 1771 ἐνεγκὼν
948 1689 1019 1770 ἐβόα
1048 1687 1190 1760 πολλάκις
1222 1687 1296 1770 πρὸς
1325 1681 1400 1761 ¹roric

226 1802 327 1879 φίλους
351 1799 462 1881 aposta
484 1802 544 1864 καλ.
588 1816 694 1880 66666
720 1798 755 1864 iu
786 1797 1000 1880 epistularum
1034 1814 1170 1879 corpore
1197 1797 1399 1878 legebantur

225 1925 332 1989 neque
354 1907 533 1973 Plutarcho
564 1908 734 1983 debentur,
765 1925 824 1987 pro
855 1911 946 1970 certo
976 1904 1082 1970 habeo
1112 1908 1146 1968 et
1172 1901 1399 1969 narrationem

225 2019 258 2080 et
286 2013 476 2095 epistulam,
513 2029 596 2093 6666
626 2030 686 2093 666
720 2029 754 2076 66
782 2010 865 2076 nihil
892 2009 1036 2092 exhibet,
1066 2010 1151 2091 quod
1178 2007 1398 2090 suspicionem

225 2125 366 2191 moreat,
390 2138 432 2184 ex
454 2117 538 2184 libro
563 2117 770 2198 depromptas
795 2135 876 2196 esse,
900 2115 935 2182 in
959 2134 1022 2196 quo
1046 2115 1117 2183 vita
1134 2113 1317 2180 Alexandri
1341 2132 1397 2180 ex·

224 2224 332 2306 posita
367 2231 448 2290 erat.
494 2223 536 2289 In
564 2224 677 2290 eodem
705 2241 826 2305 genere
861 2229 911 2290 est
941 2221 1126 2288 Alexandri
1160 2221 1202 2287 ad
1224 2221 1399 2303 Agnomen

229 2330 368 2414 epistula
400 2328 464 2395 etsi
485 2329 682 2396 Plutarchus
710 2330 936 2396 Alexandrum
967 2329 1141 2411 epistulam
1171 2327 1302 2394 dedisse
1331 2345 1397 2393 non

229 2437 310 2505 dicit
332 2435 391 2505 vit.
413 2437 508 2507 Alex.
532 2436 647 2502 XXII.

386 2560 541 2640 Ἐσίνιλγξε
565 2561 595 2621 δὲ
619 2563 668 2621 καλ
692 2557 809 2640 Ἅγνωνι
833 2557 996 2647 [νεανίσκῳ]
1020 2556 1167 2640 γράψαντι
1195 2557 1268 2638 πρὸς
1298 2555 1397 2635 αὐτόν,

386 2664 429 2729 ὅτι
451 2665 612 2748 Κρωβύλον
633 2667 840 2744 εὐδοκιμοῦντα
864 2671 893 2726 ἐν
916 2669 1060 2743 Κορίνθῳ
1082 2663 1217 2744 βούλεται
1239 2661 1400 2740 πριάμενος

386 2774 502 2854 ἀγαγεῖν
525 2771 599 2850 πρὸς
622 2770 717 2837 αὐτόν.

223 2881 317 2946 Η666
348 2887 382 2946 et
404 2879 471 2958 illa,
503 2897 586 2959 6666
612 2886 689 2945 suut
718 2879 915 2960 deprompta
938 2895 980 2942 cx
1011 2875 1152 2957 epistula
1176 2875 1220 2941 ad
1242 2873 1398 2940 Philoxe-

223 3004 300 3052 num
325 2987 413 3067 data,
445 3003 641 3065 quamquam
665 3003 729 3049 uon
752 2984 909 3051 videntur
933 3000 1005 3048 cum
1028 2981 1070 3047 iis
1095 2999 1286 3066 congruere,
1313 2998 1397 3062 6666

224 3095 265 3160 66
288 3091 477 3158 Alexandro
501 3091 728 3158 Dicaearchus
763 3091 846 3172 apud
872 3089 1079 3158 Athenaeum
1102 3087 1199 3172 XIII,
1232 3086 1284 3166 80,
1311 3084 1398 3152 603·
1497 3079 1498 3086 ’

224 3217 271 3280 66.
305 3205 434 3277 narrat,
466 3203 576 3264 tamen
606 3199 686 3279 quin
716 3215 758 3262 ex
795 3196 883 3264 veris
915 3195 1063 3278 epistulis
1092 3196 1284 3276 deprompta
1318 3195 1396 3275 sint,

224 3303 355 3371 dubium
380 3323 444 3369 uon
472 3311 540 3370 est:
573 3301 741 3369 falsarium
774 3305 861 3371 enirn
884 3304 924 3369 de
954 3299 1139 3368 homiuibus
1162 3318 1278 3382 parum
1307 3299 1396 3365 notis

223 3409 395 3493 scripsisse
425 3421 483 3475 aut
500 3408 699 3492 xhuJusmodi
730 3408 879 3490 epistulis
902 3406 1126 3473 Alexandrum
1154 3423 1297 3488 purgare
1327 3404 1397 3471 ani-

224 3534 309 3582 mum
339 3515 507 3582 iuduxIsse
536 3513 610 3584 veri
637 3515 742 3581 simile
769 3534 835 3580 non
864 3520 923 3581 est.
977 3513 1039 3579 His
1067 3510 1313 3578 adnumeranda
1345 3520 1398 3578 est

223 3621 407 3688 Alexandri
438 3623 481 3687 ad
504 3620 753 3688 Parmenionem
785 3620 927 3703 epistula
949 3620 1037 3686 Plut.
1065 3619 1125 3686 vit.
1150 3618 1246 3685 Alex.
1276 3617 1396 3684 XXII:

384 3726 615 3806 Πυνθανόμενος
648 3730 679 3790 δὲ
715 3725 911 3808 μισθοφόρων
939 3737 1020 3790 τινῶν
1050 3726 1152 3806 γύναια
1181 3729 1396 3806 διεφθαρκέναι

385 3833 513 3913 Δάμωνα
552 3839 600 3896 καὶ
640 3835 785 3913 Τιμόθεον
818 3830 996 3903 Μακεδόνας
1029 3826 1085 3892 ιε’νν
1118 3826 1174 3891 ὑπὸ
1209 3831 1396 3909 Παρμενίωνι

385 3947 626 4020 στρατευομένων,
651 3939 760 4022 ἔγραψε
777 3945 963 4019 Παρμενίωνι
987 3934 1118 4020 κελεύων,
1144 3933 1194 4014 dciv
1211 3938 1393 4016 ἐλεγχθῶσιν,

315 4155 335 4223 ¹)
353 4154 386 4207 In
405 4153 517 4207 eandem
536 4151 694 4214 sententiam
712 4150 804 4202 Incidit
821 4149 936 4204 Adlorus
954 4149 1015 4202 ibid.
1034 4164 1059 4216 p.
1080 4148 1121 4202 29.
