3016 4612
19 155 22 228 Ν.
705 109 725 175 7

18 279 20 336 ¹
219 304 300 369 Tres
324 310 401 371 sunt
424 304 586 387 epistulae
608 306 786 373 aDiodoro
803 305 955 384 traditae,
982 324 1065 385 quae
1082 324 1145 372 non
1161 305 1302 388 exempli
1327 334 1330 340 ¹

17 471 18 476 ,
125 414 188 474 ant
211 409 391 475 testimonii
414 429 513 476 oausa
542 411 725 476 narrationi
757 411 1026 492 interponuntur,
1058 417 1096 478 ut
1125 431 1181 478 eas
1205 411 1302 477 iaoile

59 545 65 560 ·
125 515 246 580 tollere
281 516 397 599 possis,
434 518 492 583 sed
522 522 558 582 ut
588 535 709 583 causae
740 535 848 583 rerum
880 527 1047 598 gestarum
1078 515 1299 598 proferuntur,

125 638 209 699 quas
226 621 254 687 si
270 621 434 688 Diodorus
450 621 622 705 omisisset,
639 640 747 688 rerum
765 628 931 702 gestarum
951 641 1069 690 causas
1084 622 1299 689 desiderares.

125 726 272 792 Diodoro
283 725 307 812 ¹)
324 726 409 808 enim
422 733 507 793 teste
520 729 636 810 Pydna
649 728 717 810 jam
729 733 827 809 rapta
840 727 1100 812 Olympiadeque
1113 728 1300 794 Cassandro

125 831 255 897 tradita
278 832 454 899 Aristonus
475 832 662 915 Amphipoli
686 833 874 916 praefectus
897 834 1021 902 recenti
1038 833 1179 902 uictoria
1195 834 1301 900 elatus

125 938 416 1020 Polysperohontis
440 939 687 1020 Alexandrique
710 940 831 1006 auxilio
867 939 987 1019 frahna,
1029 959 1100 1006 enm
1123 941 1300 1006 Eumenem

127 1043 290 1109 cecidisse
314 1047 455 1110 nondum
479 1045 678 1130 aooepisset,
712 1063 823 1127 paoem
849 1065 920 1112 oum
945 1045 1129 1112 Cassandro
1153 1064 1194 1111 ne
1218 1064 1301 1111 com-

125 1154 266 1229 poneret
288 1151 465 1218 reousavit.
499 1152 600 1220 Paulo
633 1160 708 1233 post
740 1171 848 1219 rerum
878 1151 1064 1218 conditione
1087 1169 1153 1217 non
1177 1157 1302 1216 mutata

126 1255 303 1322 Aristonus
327 1263 461 1338 praeter
477 1256 619 1323 omnium
642 1257 826 1339 opinionem
849 1259 964 1322 urbem
981 1258 1165 1326 Cassandro
1186 1256 1299 1339 tradit,

127 1361 220 1442 ouJus
244 1361 295 1427 rei
318 1380 417 1428 eausa
439 1381 505 1428 non
529 1361 595 1428 alia
620 1369 680 1441 est,
717 1361 781 1428 nisi
810 1361 1014 1445 Olympiadis
1045 1364 1087 1428 ad
1118 1381 1190 1428 eum
1222 1361 1301 1426 data

127 1466 280 1549 epistula,
321 1488 416 1549 quam
452 1468 614 1536 Diodorus
650 1469 764 1535 eodem
799 1469 869 1535 looo
905 1467 1048 1551 exponit.
1095 1470 1168 1534 Non
1202 1468 1301 1533 aliter

120 1573 339 1656 judicandum
369 1583 420 1640 est
450 1575 490 1640 de
520 1573 679 1657 Antigoni
709 1575 753 1640 od
776 1574 978 1642 Demetrium
1011 1575 1113 1640 filium
1138 1580 1171 1640 et
1192 1573 1300 1640 Ptole-

126 1679 215 1743 maei
244 1681 287 1745 ad
317 1680 461 1746 Rhodios
494 1681 659 1761 epistulis:
696 1680 884 1746 cnidiorum
916 1680 1001 1746 enim
1034 1679 1137 1764 legati
1174 1679 1301 1745 frustra

126 1784 238 1850 eonati
261 1793 338 1852 sunt
353 1785 490 1851 Rhodiis
514 1787 723 1868 persuadere,
749 1793 785 1851 ut
800 1786 963 1852 Demetrii
986 1788 1097 1852 urbem
1115 1803 1224 1851 eorum
1244 1786 1300 1849 ob-

125 1890 266 1956 sidentis
300 1892 461 1972 imperata
497 1892 648 1958 iacerent
679 1892 789 1976 (Diod.
818 1893 894 1970 XX,
929 1891 980 1974 95,
1012 1891 1063 1978 5),
1102 1891 1160 1958 sed
1194 1907 1298 1969 neque

123 1997 378 2063 Atheniensium
402 1997 603 2078 aliarumque
627 1999 755 2065 urbium
772 1998 973 2064 Graecarum
997 1997 1101 2081 legati
1124 1997 1167 2062 ad
1183 1997 1299 2061 Deme-

124 2107 223 2168 trium
247 2103 338 2170 missi
361 2102 626 2185 impetraverunt
650 2106 690 2170 ab
715 2122 752 2170 eo
776 2111 813 2169 ut
844 2103 1087 2187 oppugnatione
1116 2100 1298 2168 desisteret.

124 2209 230 2274 Paulo
265 2215 339 2290 post
371 2209 519 2294 (Diodor.
551 2209 670 2276 ibidem
696 2207 752 2295 99)
783 2217 817 2274 et
844 2209 1030 2276 Demetrius
1055 2217 1089 2274 et
1112 2207 1235 2274 Rhodii
1258 2208 1300 2274 ad

124 2331 240 2395 paoem
265 2315 500 2381 conciliandam
525 2325 601 2381 sunt
625 2315 744 2400 parati,
769 2315 860 2398 ouJ'us
884 2315 934 2381 rei
957 2334 1022 2381 non
1042 2315 1139 2380 aliam
1169 2331 1300 2380 oausam

124 2427 287 2486 memorat
317 2422 491 2500 Diodorus,
528 2421 591 2488 nisi
622 2440 703 2502 quas
727 2423 841 2488 eodem
864 2422 934 2488 loeo
958 2422 1056 2488 affert
1078 2418 1235 2502 Antigoni
1258 2420 1301 2483 ad

124 2526 328 2592 Demetrium
353 2526 597 2608 Ptolemaeique
629 2529 671 2594 ad
695 2528 840 2594 Rhodios
872 2530 969 2592 datas
999 2525 1166 2607 epistulas.
1212 2525 1300 2608 Quas

124 2632 257 2712 quidem
281 2633 442 2700 Diodorus
466 2636 535 2700 sine
561 2633 659 2700 dubio
683 2635 717 2700 in
742 2635 856 2700 eodem
879 2634 962 2700 libro
986 2632 1077 2712 legit,
1104 2631 1190 2696 nude
1212 2629 1300 2712 ipsas

123 2755 179 2802 res
205 2739 419 2821 deprompsit:
443 2758 548 2820 neque
572 2740 657 2806 enim
682 2749 750 2804 tam
774 2737 944 2822 negligens
968 2743 1041 2802 erat
1064 2735 1233 2817 veritatis,
1265 2747 1302 2800 ut

122 2843 282 2923 epistulas
306 2864 326 2908 a
350 2861 385 2908 se
408 2843 502 2910 fiotas
519 2846 627 2926 rebus,
654 2862 735 2924 quas
751 2843 898 2910 homines
915 2848 1040 2908 temere
1056 2841 1199 2923 gessisse
1217 2838 1301 2906 iere-

127 2951 261 3028 bantur,
287 2949 510 3032 conjungeret,
536 2958 572 3014 ut
588 2949 629 3016 iis
641 2949 739 3014 fidem
753 2948 892 3033 iaceret,
910 2967 1014 3029 neque
1032 2966 1073 3013 ex
1089 2947 1301 3029 epistularum

124 3071 262 3135 corpore
287 3061 434 3136 sumptas
457 3056 554 3121 rebus
577 3057 825 3121 accommodare
842 3061 979 3136 poterat

214 3159 279 3226 Sed
303 3178 408 3241 neque
426 3181 445 3225 a
461 3160 658 3242 Lysimacho
682 3159 760 3224 ficta
784 3159 936 3241 epistula,
961 3177 1025 3240 qua
1041 3158 1097 3223 ille
1113 3157 1298 3224 Ptolemaei

123 3262 254 3330 nomine
279 3266 357 3331 data
380 3266 544 3348 Pyrrhum
569 3267 722 3348 decipere
748 3271 887 3332 oonatus
913 3271 986 3330 erat
1009 3263 1109 3345 (Plut.
1128 3264 1185 3329 vit.
1201 3264 1295 3346 Pyrr.

128 3369 186 3447 Vl,
212 3368 264 3454 2);
290 3388 396 3450 neque
432 3370 572 3451 epistula
608 3389 628 3436 a
657 3370 808 3437 Mentore
841 3370 929 3454 ficta,
965 3388 1029 3449 qua
1062 3369 1119 3434 ille
1142 3370 1298 3436 Hermiae

123 3471 254 3538 nomine
279 3475 359 3539 data
382 3474 556 3540 Atarnites
580 3474 746 3560 decepio2)
771 3473 918 3560 (Diodor.
944 3473 1036 3556 XVI,
1062 3472 1167 3560 52,6);
1191 3493 1296 3556 neque

125 3579 285 3661 epistulae
317 3581 358 3645 ab
383 3579 530 3645 Eumene
558 3579 665 3662 fletae,
696 3579 811 3662 quibus
841 3579 897 3645 ille
925 3578 1063 3645 militum
1093 3583 1298 3648 voluntatem

123 3685 187 3750 sihi
211 3686 398 3752 conciliavit
422 3684 569 3770 (Diodor.
593 3687 695 3767 XIX3
720 3683 826 3772 23,1);
850 3705 955 3766 neque
980 3687 1153 3767 epistulae,
1179 3687 1296 3764 quihus

123 3793 280 3858 Eumenis
304 3792 424 3858 milites
449 3794 489 3858 ah
512 3791 655 3857 hostium
680 3791 816 3858 ducibus
845 3793 1106 3858 admonebantur
1141 3797 1177 3855 ut
1204 3790 1297 3858 illum

211 3947 231 4035 1’)
251 3967 355 4021 Diodor.
376 3966 455 4034 XIX,
475 3967 517 4035 50,
538 3969 552 4018 i
573 3983 631 4036 sqq.

41 4117 49 4134 .
209 4054 232 4124 ²)
251 4055 291 4108 De
310 4055 420 4108 Hermia
438 4055 472 4109 ei.
491 4054 575 4113 Strab.
595 4055 668 4123 XIII,
688 4054 748 4109 610.
768 4055 801 4108 57
822 4053 924 4108 etSuid
943 4070 968 4108 v.
988 4053 1096 4120 ‘Eppius
1114 4054 1141 4106 et
1160 4051 1235 4109 Ovid.
1254 4055 1294 4110 lb.

120 4161 144 4196 v.
165 4144 217 4198 319
236 4158 276 4211 sq.
