3016 4612
816 119 859 184 46

252 311 324 378 Ηεε
347 312 509 396 epistulas
532 331 571 378 eo
594 323 744 396 tempore
766 315 871 396 dutus,
896 333 960 394 ouo
975 313 1164 381 Alexander
1179 316 1365 382 Nearchum
1380 317 1418 382 ad

253 435 345 484 mare
367 437 521 502 magnum
545 419 677 486 demisit
686 421 721 506 ¹),
753 419 966 486 Plutarchum
988 418 1024 486 in
1047 421 1161 486 eodem
1183 420 1269 487 libro
1291 422 1417 504 legisse,

252 525 288 590 in
311 543 373 605 quo
396 525 623 593 narrationem
645 527 689 592 ad
705 544 802 608 quam
822 525 997 609 adjunctae
1012 533 1100 605 sunt,
1124 532 1228 609 patet.
1267 527 1418 594 Narratio

253 638 364 696 autem
387 630 517 698 etiamsi
539 651 560 698 a
575 631 701 698 Duride
716 633 795 699 licta
810 650 883 700 esse
900 631 1046 716 putanda
1060 630 1116 715 sit,
1140 640 1176 699 nt
1191 633 1419 719 Dmyseniase

254 736 383 818 statuit,
407 744 520 804 mmsn
542 737 690 820 epistulis
712 756 777 804 non
800 743 852 804 est
866 737 950 804 tides
965 738 1166 820 abroganda.
1204 738 1325 805 Duridi
1340 740 1419 806 enim

253 842 288 908 in
311 850 454 910 mentem
476 843 609 910 uenisse
631 841 731 910 etiam
762 843 922 926 epistulas
952 843 1077 928 fingere
1106 844 1238 912 minime
1269 845 1419 912 credibile

255 955 322 1028 est,
354 949 549 1032 praesertim
573 967 646 1016 oum
676 950 717 1016 iis
747 967 855 1031 neque
882 949 1031 1016 narratio
1063 950 1288 1034 confirmetur,
1320 970 1419 1032 neque

254 1056 428 1137 quiequam
451 1056 593 1124 Eumeni
617 1053 790 1139 opprobrio
814 1064 976 1124 uertatur.

343 1180 544 1264 Alexander,
562 1199 634 1246 eum
649 1180 769 1246 milites
785 1182 828 1247 ad
839 1183 1049 1264 pugnandum
1061 1180 1194 1248 inutiles
1206 1181 1418 1267 dimitteret),

255 1285 430 1367 epistulam
454 1286 553 1371 dedit,
578 1305 643 1368 qna
665 1288 878 1370 Antipatrum
897 1285 1005 1372 jussit,
1030 1301 1085 1355 eos
1101 1289 1233 1354 summis
1249 1288 1420 1355 honoribus

256 1390 400 1460 afficere.
445 1392 534 1458 Plut.
558 1391 617 1464 vit.
641 1393 735 1458 Alex.
759 1392 886 1458 LXXI.

417 1499 544 1560 ἀπέλυσε
566 1498 632 1570 τοὺς
654 1499 815 1580 ἀχρήστους
829 1499 1032 1578 doersum
1046 1502 1271 1581 μεγαλοπρεπῶς
1294 1502 1345 1560 καὶ
1358 1496 1421 1580 πά·

416 1619 479 1684 ψας
501 1603 575 1684 πρὸς
591 1605 790 1685 Ἀντίπατρον,
815 1602 896 1676 ὅπως
923 1611 953 1666 ἐν
975 1615 1049 1666 πᾶσι
1078 1617 1138 1676 τοῖς
1169 1605 1257 1686 ἀγῶσι
1289 1609 1339 1666 καὶ
1367 1617 1422 1674 τοῖς

417 1707 558 1791 θεάτροις
579 1717 736 1793 προεδρίαν
757 1710 869 1794 ἔχοντες
890 1716 1120 1790 ἐστεφανωμένοι
1142 1710 1324 1784 καθέζοιντο.

256 1803 350 1883 Haeo
372 1816 488 1884 iisdem
511 1817 584 1884 fere
605 1819 716 1886 verbis
739 1819 897 1902 leguntur
923 1819 1010 1900 apud
1032 1818 1194 1884 Zonaram
1217 1816 1332 1898 1V,14.
1377 1817 1423 1883 Ex

256 1923 392 1990 Arriani
421 1924 498 2003 VII,
530 1923 583 2009 8,1
618 1925 826 2008 perspicuum
857 1929 909 1991 est
938 1924 1112 2005 epistulam
1142 1925 1253 1990 datam
1284 1940 1358 1990 esse
1387 1940 1424 1988 ex

258 2027 322 2111 Opi
337 2031 430 2112 urbe,
446 2031 503 2096 nbi
522 2031 710 2098 Alexander
724 2038 803 2098 tunc
818 2034 1018 2098 morabatur.
1057 2031 1110 2097 De
1126 2030 1285 2098 militibus
1300 2033 1424 2098 domum

256 2133 364 2201 missis
388 2142 506 2202 narrat
527 2135 693 2203 Arriams
722 2137 844 2203 ibidem
867 2155 896 2204 ο.
922 2135 996 2220 12,1
1029 2155 1099 2218 sqq.
1137 2138 1251 2204 Verba
1270 2137 1424 2218 epistulae

259 2255 446 2324 congruunt
463 2260 535 2308 oum
550 2241 601 2321 iis,
626 2260 710 2322 quae
730 2248 815 2310 teate
829 2244 973 2310 Arriano
994 2243 1071 2309 ibid.
1093 2261 1120 2309 o.
1142 2239 1217 2323 luo
1240 2243 1424 2310 Alexander

257 2365 315 2428 pro
338 2347 493 2414 concione
516 2354 596 2414 tuno
619 2348 720 2415 dixit:
744 2352 808 2410 Kar
835 2359 883 2410 obs
912 2345 979 2420 uode
1002 2347 1168 2428 ἀπολῦμοοο
1190 2355 1267 2428 ὑμῶν
1290 2346 1424 2428 ζηλωτοὺς

258 2466 317 2524 τοῖς
341 2445 415 2516 oiim
437 2455 626 2535 ἀποπέμψειν
645 2453 771 2534 ἔμελλον,
805 2473 889 2536 quae
917 2456 1022 2524 verba
1051 2456 1160 2538 potius
1184 2457 1324 2523 honoros
1346 2454 1424 2522 indi·

260 2567 346 2646 aaut,
370 2562 412 2628 de
428 2559 544 2642 quibus
559 2561 750 2628 Alexander
773 2561 807 2626 in
823 2560 965 2644 epistula
980 2561 1124 2645 scripsit,
1149 2581 1245 2643 qnam
1260 2563 1422 2642 talentum,

260 2687 323 2748 quo
347 2666 492 2751 singulos
515 2667 636 2734 milites
660 2667 802 2736 donauit.
849 2668 943 2752 Quod
966 2672 1078 2734 numm
1102 2668 1243 2750 epistula
1270 2669 1315 2735 ud
1337 2667 1424 2735 Auti-

260 2778 393 2855 patrum
415 2775 497 2840 data
519 2780 580 2854 est,
612 2774 652 2840 de
676 2791 739 2854 qno
763 2775 925 2840 Arrianus
947 2773 1070 2839 ibidem
1094 2792 1121 2840 o.
1146 2775 1222 2857 12‚4
1245 2774 1325 2841 dicit
1343 2775 1425 2836 >int

260 2887 371 2960 ποπροο
393 2881 425 2940 dd
448 2872 600 2962 διαδόχους
620 2891 682 2952 ποτε
705 2882 963 2960 ἀποπεμπομένοις
993 2877 1072 2962 ἄγειν
1098 2882 1272 2952 Μακεδόνος
1301 2890 1355 2943 τῶν
1377 2881 1425 2942 ἀκ-

261 2984 408 3063 μαζόντων
440 2986 598 3059 ἐκέλευσεν,
632 3005 698 3056 non
722 3005 797 3055 esse
829 3007 963 3055 oausam
993 2988 1167 3056 dubitandi
1199 2989 1240 3055 de
1272 2987 1425 3070 epistulae
1487 2995 1490 3060 χ

261 3091 406 3158 veritate
435 3094 522 3160 vidit
550 3093 688 3160 Hansen
719 3094 812 3180 (ibid.
842 3115 874 3177 p.
905 3092 970 3161 271
1002 3094 1064 3180 sq.)
1096 3095 1149 3160 eni
1177 3095 1351 3162 assentior.
1393 3090 1426 3157 Si

263 3199 336 3277 quis
359 3203 468 3264 autem
492 3198 591 3265 etiam
614 3201 698 3267 haec
720 3200 855 3268 Arriani
877 3202 980 3268 uerba
1004 3219 1046 3267 ex
1074 3202 1190 3266 eadem
1212 3200 1355 3284 epistula
1376 3199 1425 3264 de-
1489 3243 1490 3290 ,

262 3309 413 3385 prompta
436 3322 508 3372 esse
538 3305 707 3391 conjiciat,
739 3325 805 3374 non
827 3323 1022 3391 repugnem:
1057 3311 1315 3374 consentaneum
1347 3305 1426 3372 enim
1489 3297 1490 3308 ’

263 3417 315 3476 est
337 3410 561 3478 Alexandrum
590 3413 689 3480 etiam
721 3415 761 3481 de
783 3414 847 3479 bac
876 3432 914 3481 re
943 3409 1113 3496 scripsisse
1145 3415 1187 3480 ad
1209 3411 1425 3494 Antipatrum.

262 3514 426 3586 Arrianus
450 3525 575 3602 antem,
608 3522 703 3603 quod,
737 3525 774 3585 nt
803 3519 938 3606 supra‘)
962 3519 1041 3603 dixi,
1065 3519 1263 3586 Plutarchus
1286 3535 1425 3584 nonnon-

263 3642 360 3704 qnam
384 3622 475 3704 iacit,
500 3631 632 3707 poterat
655 3626 785 3688 ἐκέλευσε
808 3645 866 3708 pro
891 3624 1003 3708 ἔγραψε
1028 3625 1148 3692 dicere.

354 3801 377 3868 1)
392 3800 520 3856 comm
537 3801 612 3857 oure.
632 3805 679 3870 rx,
700 3806 732 3870 x,
752 3800 801 3873 ee,
822 3801 898 3856 nou
923 3802 1011 3870 xum,
1036 3800 1096 3869 104,
1121 3803 1152 3871 a,
1172 3800 1274 3856 rnen.
1297 3798 1345 3866 VI,
1371 3794 1424 3862 192⁵

265 3891 293 3942 0²
311 3889 471 4047 majanum.
492 3980 543 4047 (ed.
564 3977 651 4033 (iotha
669 3977 750 4046 1877)
762 3977 799 4047 11,
817 3993 843 4046 p.
859 3977 913 4034 310
931 3977 991 4031 adn.
1014 3979 1037 4032 1.

356 4065 559 4135 eocneur,
579 4064 796 4134 xvn,10e,1;
820 4065 892 4125 ore.
910 4070 945 4135 x,
967 4068 1005 4128 ιι,
1021 4068 1052 4132 ε;
1076 4065 1173 4122 tmen.
1198 4067 1262 4135 xm,
1283 4065 1350 4134 rur.
1374 4075 1425 4128 see-

353 4155 378 4224 ⁴)
394 4171 419 4224 u·
433 4157 477 4212 4⁰·
