3016 4612
648 131 692 200 45

81 323 161 405 quid
187 327 229 392 de
251 327 303 391 his
333 327 432 393 rebus
462 325 497 392 in
525 328 667 408 epistula
691 327 848 411 scriptum
871 328 1017 410 legisset.
1066 330 1158 397 Unde
1180 348 1252 410 per·

80 429 167 512 spici
195 436 302 514 potest
330 449 401 498 eam
435 451 500 500 non
528 451 601 500 esse
629 434 787 516 scriptam
816 453 837 500 a
867 433 1013 514 falsario,
1048 433 1166 517 quippe
1197 435 1253 516 qui
1290 477 1292 482 -

81 537 120 602 de
151 555 203 617 re,
234 555 319 620 qnae
355 544 469 620 utpote
501 537 613 605 multis
640 538 761 605 fabulis
793 537 944 606 conferta
972 541 1123 606 idoneum
1152 559 1250 624 argu·

80 649 227 710 mentum
262 651 334 711 erat
363 646 406 711 ad
433 642 606 728 epistulam
637 647 900 729 componendam,
935 665 1001 726 qua
1027 645 1161 714 fabulae
1194 651 1254 712 aut

80 749 356 818 confirmarentur
364 759 424 818 aut
434 749 674 835 refellerentur,
687 769 753 818 nou
764 752 1059 834 talemscripsisset
1070 753 1251 834 epistulam,

79 873 118 920 ex
147 874 215 937 qua
244 874 310 922 non
333 858 399 924 alia
422 857 556 939 excerpi
579 867 719 942 possent,
743 857 807 924 nisi
830 859 922 932 haec,
947 876 1029 941 quae
1052 859 1252 926 Plutarchus

79 961 194 1030 tradit.
241 962 321 1029 (lum
354 971 464 1030 autem
501 982 543 1030 ne
573 964 798 1029 Alexandrum
831 962 959 1046 quidem
994 963 1078 1030 haec
1110 970 1250 1045 tantum,

78 1088 160 1148 quae
185 1070 384 1138 Plutarchus
406 1068 513 1153 affert,
539 1070 708 1153 scripsisse
731 1072 803 1138 veri
827 1069 931 1138 simile
954 1070 1006 1155 sit,
1032 1069 1251 1153 colligendum

78 1181 125 1242 est
148 1175 366 1243 Plutarchum
390 1195 455 1242 non
478 1175 643 1260 integram
660 1175 833 1258 epistulam
857 1183 936 1248 autc
952 1177 1063 1244 oculos
1086 1176 1250 1244 habuisse.

77 1279 236 1364 Quoniam
270 1287 381 1348 autem
416 1280 629 1363 epistularum
666 1281 858 1364 corporibus
889 1300 956 1348 nou
994 1288 1151 1364 excerpta
1190 1290 1251 1350 aut

76 1393 189 1468 partes
225 1390 458 1473 epistularum,
501 1391 560 1455 sed
597 1387 749 1472 integrae
788 1389 948 1471 epistulae
986 1388 1249 1473 continebantur,

76 1501 166 1578 patet
189 1496 405 1562 Plutarchum
428 1494 519 1562 illam
535 1493 709 1576 epistulam
732 1512 798 1560 non
815 1511 856 1560 ex
872 1493 1085 1576 epistularum
1102 1515 1248 1580 corpore,

76 1604 131 1670 sed
155 1621 199 1669 ex
221 1602 307 1668 libro
330 1620 440 1668 rerum
464 1601 633 1686 scriptoris
655 1603 814 1683 hausisse,
840 1601 894 1683 qui
917 1601 1099 1668 narrationi
1123 1603 1164 1668 de
1187 1603 1248 1669 hoc

75 1708 192 1776 itincre
209 1710 301 1775 etde
325 1708 465 1776 oraculis
480 1709 669 1774 Alexandro
693 1706 803 1792 editis,
827 1708 927 1788 haec,
953 1726 1037 1790 quae
1053 1709 1248 1776 Plutarchus

75 1814 186 1898 tradit,
210 1813 391 1882 inseruisse
414 1813 556 1883 videtur.
605 1812 698 1895 Quod
721 1821 832 1880 autem
855 1815 1043 1881 Alexander
1059 1816 1101 1880 de
1118 1815 1247 1884 arcanis

76 1920 215 1988 oraculis
251 1923 397 1988 scribere
431 1919 671 2007 praetermisit,
706 1940 748 1989 ne
779 1920 866 1989 forte
897 1919 1083 2002 intercepta
1106 1920 1249 2003 epistula

76 2026 386 2113 pervulgarentur1),
410 2047 475 2094 uon
499 2029 631 2094 mirum:
655 2047 732 2094 nam
756 2027 857 2095 etiam
880 2025 1063 2116 Alexandri
1086 2025 1248 2108 epistulae

75 2133 227 2216 intercipi
248 2140 412 2220 poterant,
437 2136 523 2216 quod
546 2153 588 2202 ex
608 2134 741 2201 Arriani
761 2136 789 2216 Ι,
814 2133 914 2217 25,10
935 2137 1037 2216 patet

159 2241 257 2310 Alias
278 2240 461 2308 Alexandri
484 2239 652 2323 epistulas,
677 2258 760 2321 quae
784 2247 860 2307 suut
882 2240 923 2307 de
946 2238 1085 2322 publicis
1108 2239 1246 2321 plerum·

76 2365 133 2427 que
156 2347 259 2414 rebus
281 2346 439 2431 scriptae,
463 2348 589 2429 profert
611 2348 810 2413 Plutarchus
832 2347 887 2415 vel
910 2355 948 2414 ut
970 2346 1087 2427 quibus
1111 2364 1153 2412 ex
1175 2345 1245 2412 Ion-

75 2453 159 2520 tibus
183 2455 334 2521 hauserit
356 2453 490 2534 iudicet,
515 2454 569 2521 vel
592 2460 630 2520 ut
651 2471 706 2520 res
729 2450 855 2524 afferat.
903 2453 974 2519 Has
998 2452 1156 2534 epistulas
1179 2471 1244 2519 non

76 2577 143 2627 esse
166 2577 209 2625 ex
233 2559 446 2642 epistularum
471 2577 605 2640 corpore
629 2559 840 2640 depromptas
862 2558 1068 2640 perspicuum
1092 2565 1152 2643 cst,
1177 2579 1241 2626 uon

75 2666 172 2733 solum
189 2684 233 2732 ex
248 2684 296 2744 eo,
322 2667 408 2747 quod
424 2683 496 2732 cum
511 2663 766 2747 narrationibus,
791 2664 908 2746 quibus
923 2663 1140 2747 interpositae
1156 2672 1243 2745 sunt,

75 2778 160 2840 arcte
184 2774 374 2854 cohaerent,
405 2770 589 2838 sedetiam
613 2791 654 2838 ex
676 2791 728 2854 eo,
761 2772 849 2852 quod
880 2789 941 2852 quo
973 2777 1121 2853 tempore
1144 2771 1244 2840 datae

75 2877 136 2944 siut
157 2879 312 2946 traditur.
357 2877 456 2946 Pales
479 2884 557 2944 suut
580 2877 743 2961 epistulae
775 2878 818 2944 ad
849 2885 999 2959 satrapas
1029 2877 1172 2960 scriptae
1205 2878 1244 2945 de

75 2984 276 3053 remittendis
307 2984 464 3067 exemplis
495 2985 707 3067 scriptorum,
744 3003 826 3067 quae
857 2985 953 3051 simul
989 3001 1060 3050 cum
1083 2984 1240 3051 Eumenis

76 3090 284 3158 tabernaculo
308 3091 582 3174 deflagraverant.
629 3090 716 3158 Plut.
740 3090 801 3160 vit.
826 3091 919 3158 Eum.
944 3092 988 3158 ΙΙ.

136 3247 138 3252 .
223 3193 326 3277 'Europ
347 3200 379 3260 δὲ
403 3202 420 3278 ἦ
444 3195 533 3277 σκηνὴ
555 3201 809 3278 καταφλεχθεῖσα,
834 3201 883 3258 καὶ
897 3197 1051 3276 passique
1074 3205 1129 3259 τῶν
1151 3220 1242 3279 γραμ-

228 3304 324 3382 μάτων
347 3303 570 3386 διαφθαρέντων
593 3303 812 3386 άἈλίξατδρος
834 3341 878 3354 -·-
900 3343 945 3352 -
967 3341 1012 3354 -·
1033 3341 1078 3352 -
1093 3300 1170 3368 stud
1193 3307 1243 3364 καὶ

228 3409 346 3492 γράψας
367 3422 428 3484 ταῖς
447 3408 596 3493 πανταχοῦ
621 3410 787 3493 σατράπαις
808 3414 858 3473 καὶ
883 3423 1052 3492 στρατηγοῖς
1075 3410 1240 3492 ἀντίγραφα

227 3512 282 3580 ao'aa
297 3522 520 3597 διεφθαρμένω
535 3515 731 3580 anomaliae
742 3513 840 3578 arcina
851 3513 1095 3599 παραλαμβάνω
1109 3515 1243 3578 ἐκάλεσσα

228 3621 279 3686 τάν
301 3623 426 3703 Εὐμένη.

159 3801 179 3868 ¹)
199 3799 322 3869 Antiquis
352 3799 515 3869 temporibus
545 3800 650 3870 saepius
677 3801 914 3872 intercipiebantur
940 3799 1079 3870 epistulae.
1110 3799 1144 3851 ci.
1170 3794 1241 3849 Plut.

78 3884 119 3939 vit.
144 3887 206 3957 Lys.
229 3891 358 3958 XXVIII,
380 3890 411 3957 23
438 3889 486 3947 vit
521 3888 604 3944 Alcib.
632 3893 762 3956 XXVIII,
795 3893 824 3955 6;
857 3890 903 3947 vit.
935 3893 1054 3947 Demetr.
1086 3887 1175 3956 XXII,
1211 3897 1243 3955 13

76 3969 212 4045 Praecepta
230 3978 363 4045 gerendae
380 3977 491 4046 reipubl
512 3977 605 4049 tntu
631 3977 709 4033 Phot
729 3978 797 4032 Bibt
817 3980 873 4035 cod.
894 3978 1055 4034 ochum
1074 3979 1126 4037 vol
1144 3980 1193 4051 IV,
1217 3998 1242 4051 p,

78 4060 124 4116 320
138 4065 177 4120 ed.
194 4065 297 4138 iligna,
323 4065 375 4122 cio.
393 4067 426 4122 ad
444 4067 508 4122 ium.
527 4067 565 4138 Il,
591 4068 631 4137 13,
657 4069 688 4128 1:
715 4069 749 4123 ad
769 4069 824 4124 stt
845 4069 867 4138 Ι,
889 4069 931 4138 13,
949 4068 981 4136 2;
1001 4069 1035 4124 ci.
1055 4069 1135 4124 etiam
1156 4068 1242 4125 Olem.

77 4147 146 4207 Alex.
163 4153 258 4210 Strom.
274 4154 300 4209 V
314 4171 337 4210 c.
357 4155 399 4211 10.
418 4155 471 4210 vol.
485 4155 522 4227 11,
541 4155 632 4224 p.100
653 4156 693 4214 ed.
709 4155 799 4224 iligna
816 4159 843 4211 et
859 4155 984 4224 Polyaen.
999 4156 1112 4226 Strateg.
1126 4157 1166 4211 IV
1179 4158 1204 4226 2,
1214 4158 1240 4214 8.
