3016 4612
800 117 842 184 12

239 313 336 381 facile
359 313 541 380 Alexandri
565 313 715 396 epistulis
738 316 786 380 uti
809 318 949 394 poterat.
996 314 1063 381 Sed
1086 315 1128 380 de
1144 312 1419 396 ephemeridibus

238 420 409 488 hactenns.

327 527 422 593 Nunc
460 527 630 606 quaeritur
668 531 779 592 utrum
815 524 982 608 potuerint
1015 525 1065 592 illi
1103 527 1282 608 scriptores
1317 524 1418 592 varis

238 631 421 700 Alexandri
443 633 645 712 aliorumque
668 631 820 712 epistulis
844 631 892 698 uti
915 648 1028 697 necue.

327 756 450 821 Nostra
473 760 585 821 aetate
609 773 678 820 mos
702 760 762 837 est,
787 761 824 820 ut
848 753 1015 835 epistulas,
1040 772 1121 833 quas
1144 757 1328 835 accepimus
1351 763 1419 821 ant

238 858 302 941 ipsi
325 861 370 925 ad
392 859 475 927 alios
499 859 678 945 scribimus,
704 860 816 926 amicis
839 860 994 942 legendas
1010 859 1235 941 permittamus
1259 861 1314 928 vel
1338 881 1415 927 cum

238 968 280 1031 iis
313 967 353 1032 de
388 966 592 1050 argumentis
627 984 740 1033 earum
775 964 1054 1032 communicemus.
1101 965 1204 1050 Quem
1237 985 1360 1032 morem
1394 987 1416 1031 a

238 1071 407 1141 veteribus
419 1090 483 1138 non
497 1072 601 1138 fnisse
615 1071 767 1151 alienum,
782 1071 988 1154 perspicuum
1003 1078 1062 1150 est,
1080 1079 1115 1136 ut
1128 1072 1380 1155 Xenophontem
1391 1071 1414 1158 ¹)

239 1180 403 1258 omittam,
437 1187 478 1243 eir
508 1177 715 1264 Plutarchil)
747 1179 872 1246 verbis:
919 1181 960 1238 Δί
980 1175 995 1238 ὃ
1019 1180 1068 1238 καὶ
1092 1175 1156 1238 τότε
1187 1188 1238 1240 τοῦ
1266 1179 1417 1256 Εὐμένους

237 1290 468 1366 παραιτουμένου
494 1282 544 1362 τὴν
567 1287 614 1344 ἐπὶ
643 1282 711 1354 τοὺς
728 1281 867 1362 Ἕλληνας
895 1285 1050 1363 στρατείαν
1081 1319 1125 1330 -—
1154 1321 1199 1331 -
1226 1321 1271 1331 -
1298 1282 1416 1345 πιστού-

239 1413 294 1459 σας
324 1395 340 1453 ὃ
371 1389 536 1462 Λεοννάτος
566 1391 648 1452 οὐδὲν
686 1384 724 1452 ὧν
756 1389 869 1468 ἐφρόνει
908 1386 982 1470 πρὸς
1023 1387 1111 1451 αὐτὸν
1138 1388 1332 1470 ἀπεκρύψατο
1368 1428 1415 1436 --

239 1535 278 1544 -—
306 1533 347 1542 -
373 1497 423 1556 uui
445 1519 525 1567 τινας
556 1500 604 1557 καὶ
632 1490 786 1566 ἐπιστολὰς
814 1493 901 1567 ἔδειξε
930 1493 1130 1574 Κλεοπάτρας
1156 1500 1417 1574 μεταπεμπομένης

239 1599 325 1662 αὐτὸν
362 1607 402 1672 ας
430 1604 548 1662 Πέλλαν
581 1603 617 1672 ὡς
650 1606 857 1683 γαμησομένης.
921 1602 992 1666 Ηοο
1026 1602 1250 1667 Alexandrum
1287 1621 1414 1684 quoque

150 1761 151 1766 ,
239 1705 358 1772 fecisse
386 1707 596 1790 inpromptu
621 1715 688 1773 est:
724 1727 800 1774 nam
826 1726 896 1774 eum
922 1707 1026 1774 nullas
1050 1725 1092 1774 ne
1116 1725 1256 1772 arcanas
1280 1706 1415 1788 quidem

239 1812 354 1878 matris
375 1813 531 1894 epistulas
547 1813 825 1896 Hephaestionem
849 1813 1019 1896 celaverit,
1044 1813 1114 1880 siue
1131 1813 1227 1878 dubio
1244 1812 1414 1897 epistulae,

239 1937 320 2000 quas
352 1938 416 1986 non
447 1921 590 1986 habebat
619 1938 677 1985 cnr
707 1922 903 2004 occultaret,
937 1919 1056 1986 ceteris
1090 1937 1217 2000 quoque
1245 1919 1415 1986 sodalibus

238 2027 396 2108 legendas
430 2025 595 2107 permisit;
634 2043 741 2106 neque
780 2025 1034 2106 Hephaestionis
1074 2024 1139 2108 ori,
1187 2043 1257 2090 cum
1297 2025 1415 2091 matris

238 2130 411 2213 epistulam
441 2131 582 2213 legeret,
617 2130 758 2212 sigillum
789 2131 1011 2215 imposuisset,
1044 2131 1071 2196 si
1105 2132 1235 2197 sodales
1262 2150 1346 2212 quae
1374 2132 1411 2198 in

239 2237 388 2319 epistulis
413 2237 570 2318 legissent
604 2236 678 2302 aliis
702 2237 874 2304 enuntiare
897 2256 962 2304 nou
986 2238 1140 2303 solerent.
1185 2237 1237 2302 De
1261 2237 1413 2323 epistula,

239 2363 303 2424 qua
325 2343 501 2408 Parmenio
532 2344 750 2412 denuntiabat
773 2344 962 2409 Alexandro
991 2361 1033 2408 ne
1056 2343 1192 2409 salutem
1217 2361 1307 2408 suam
1330 2345 1409 2410 Phi-

238 2449 327 2530 lippo
351 2448 475 2515 medico
500 2448 739 2534 committeret,
762 2450 961 2516 Plutarchus
985 2449 1058 2534 (vit.
1083 2449 1170 2514 Alex
1192 2447 1290 2536 XIX)
1315 2449 1412 2514 dicit:

240 2560 255 2620 ὁ
280 2556 310 2616 δὲ
334 2553 385 2632 τὴν
412 2550 562 2634 ἐπιστολὴν
590 2553 730 2636 ἀναγνοὺς
762 2558 811 2616 καὶ
844 2558 941 2634 μηδενὶ
973 2555 1069 2626 δείξας
1097 2564 1151 2616 τῶν
1175 2557 1266 2634 φίλων
1294 2552 1351 2616 ὑπὸ
1379 2553 1414 2616 τὸ

239 2658 477 2741 προσκεφάλαιον
500 2665 630 2740 ὑπέθηκε.
660 2679 745 2742 quae
776 2662 879 2727 verba
903 2659 1092 2743 significant
1114 2679 1179 2726 non
1203 2659 1345 2727 alienum
1366 2662 1412 2726 ab

239 2765 423 2832 Alexandri
451 2785 542 2832 more
571 2766 673 2833 fuisse
705 2766 863 2848 epistulas
888 2765 951 2832 sibi
974 2767 1091 2832 allatas
1114 2765 1281 2833 sodalibus
1306 2775 1413 2832 osten-

242 2874 335 2936 dere:
369 2876 483 2937 auctor
513 2871 599 2937 enim
622 2871 792 2939 Plutarchi
819 2871 902 2937 haec
929 2877 997 2936 tam
1021 2869 1245 2952 significanter
1270 2891 1334 2940 non
1359 2891 1412 2938 ex-

242 2979 433 3060 pressisset,
459 2975 524 3042 nisi
546 2976 579 3042 id
604 2977 795 3042 Alexander
819 2981 951 3057 praeter
974 2977 1243 3042 consuetudinem
1266 2975 1410 3044 fecisset.

240 3084 330 3148 Idem
366 3082 565 3149 Plutarchus
598 3081 670 3168 (vit.
702 3081 796 3149 Alex.
826 3080 945 3166 XXII)
980 3082 1205 3147 Alexandrum
1239 3082 1411 3149 Philoxeni

241 3187 381 3270 epistula
404 3188 509 3254 allata
531 3189 613 3254 haec
637 3187 759 3254 dixisse
781 3189 903 3274 tradit:
927 3191 958 3247 τί
978 3185 1092 3248 πώποτε
1118 3186 1271 3262 Φιλόξενος
1294 3186 1411 3270 αἰσχρὸν

241 3295 322 3371 αὐτῷ
339 3290 517 3373 συνεγνωκὼς
531 3303 650 3354 τοιαῦτα
668 3293 761 3371 ὀνείδη
780 3291 923 3374 προξενῶν
947 3291 1084 3372 κάθηται,
1110 3311 1193 3374 quae
1217 3293 1274 3358 ille
1299 3294 1410 3360 amicis

240 3417 305 3466 nou
330 3396 477 3478 dixisset,
502 3397 531 3462 si
554 3416 627 3463 cum
649 3397 690 3463 iis
715 3399 756 3464 de
779 3397 940 3480 epistulae
964 3404 1157 3478 argumento
1182 3418 1246 3464 non
1272 3419 1410 3466 commu-

241 3606 379 3676 (Philolog.
393 3605 437 3660 LI.
456 3622 481 3674 p.
502 3606 564 3675 619)
584 3610 611 3660 et
624 3607 744 3660 Pridicus
763 3607 834 3676 (ibid.
854 3623 880 3676 p.
899 3607 928 3674 9)
946 3609 1018 3662 ιοο1ο
1032 3607 1220 3675 iudicaverunt
1237 3608 1325 3676 ipsum
1337 3608 1409 3662 Plut

241 3697 350 3749 archum
369 3709 414 3749 eas
437 3693 592 3762 inspexisse.
629 3695 756 3750 Eumenis
783 3695 922 3764 epistulam
946 3696 979 3748 ad
997 3695 1167 3764 Antipatrum
1185 3696 1263 3749 affert
1280 3696 1409 3752 Lucienus

241 3788 298 3853 (pro
322 3783 386 3852 hps.
410 3783 438 3836 iu
460 3782 538 3838 salut.
557 3783 586 3852 8)
610 3800 686 3853 quae,
712 3785 735 3838 si
753 3784 895 3839 Plutarcho
915 3785 974 3848 (vit.
993 3783 1070 3841 Eum.
1089 3784 1141 3852 ΠΙ,
1160 3783 1189 3852 3)
1207 3784 1273 3837 fides
1292 3784 1409 3840 habenda

242 3875 290 3940 est,
310 3871 415 3926 subdita
428 3875 481 3926 est:
500 3873 647 3927 Ειιιοοοοιιι
662 3874 732 3928 enim
745 3874 779 3928 ad
788 3873 966 3942 Antipatrum,
982 3871 1117 3926 inimicum
1127 3887 1215 3940 suum,
1230 3871 1278 3926 tali
1290 3873 1409 3941 exemplo

242 3959 381 4028 epistularu
399 3960 503 4014 dedisse
520 3961 577 4015 veri
594 3960 680 4014 simile
698 3977 751 4014 non
770 3963 819 4018 est.

331 4049 353 4115 ¹)
373 4049 503 4102 Anabasis
521 4049 571 4117 lli,
591 4051 615 4112 1,
634 4051 659 4102 5.

332 4135 354 4206 ¹)
373 4135 443 4194 Plut.
462 4138 508 4191 vit.
527 4137 603 4192 Eum.
622 4137 672 4206 ΙΙΙ,
692 4139 716 4190 3.
