3016 4612
645 145 688 214 25

84 347 230 424 sumptae
263 345 385 407 essent:
420 359 495 407 nam
519 340 731 424 epistularum
767 361 904 426 corpora
938 349 1071 427 praeter
1092 341 1250 425 epistulas

84 446 165 512 nihil
187 445 276 512 aliud
305 445 494 530 praebuisse
518 446 680 530 videntur,
713 448 776 514 nisi
810 457 988 533 praecepta
1023 451 1183 529 quaedam
1208 451 1249 515 de

85 561 154 619 arte
190 552 402 636 epistularum
432 552 689 633 scribendarum,
718 553 753 620 id
776 555 862 635 quod
891 554 1101 638 perspicuum
1135 565 1250 622 estex

84 659 250 725 Demetrio
285 658 348 742 (De
376 658 493 725 elocut.
517 656 606 746 223).
654 659 714 742 Qui
749 673 860 726 antem
896 660 1071 745 scriptores
1105 660 1251 744 singulas

85 763 243 849 epistulas
267 765 443 830 memoriae
457 765 657 848 prodiderint
682 784 748 832 non
770 772 881 851 potest
896 766 1026 847 quidem
1041 765 1249 850 investigari,

85 871 140 935 sed
163 869 369 954 perspicuum
394 876 444 935 est
467 889 727 953 unamquamque
751 870 924 955 epistulam
949 891 989 938 ex
1018 874 1130 937 eodem
1166 872 1249 938 libro

85 982 245 1058 sumptam
269 993 351 1058 esse,
377 994 418 1041 ex
434 995 497 1057 quo
514 977 748 1057 narrationem,
766 977 818 1044 cui
832 977 1027 1062 interposita
1050 985 1110 1046 est.
1159 978 1252 1045 Aliae

85 1081 254 1167 epistulae,
286 1101 369 1164 quae
394 1093 470 1151 sunt
505 1087 545 1151 de
569 1085 708 1169 publicis
737 1088 844 1168 rebus,
877 1092 1034 1170 poterant
1057 1086 1184 1167 quidem
1210 1105 1252 1150 ex

86 1189 297 1270 epistularum
321 1190 509 1274 corporibus
526 1190 683 1274 depromi,
708 1192 768 1258 sed
791 1211 861 1257 cum
887 1192 1069 1275 hujusmodi
1092 1177 1251 1277 epistulae
1332 1235 1334 1238 ψ

85 1312 122 1358 ne
145 1313 166 1360 a
189 1314 300 1362 rerum
324 1295 540 1380 scriptoribus
563 1297 695 1378 quidem
715 1297 836 1381 prioris
860 1297 980 1364 aetatis
996 1297 1251 1382 praetermissae

86 1401 148 1465 sint
171 1403 350 1486 putandae,
374 1408 524 1486 praestat
543 1403 696 1487 judicare
728 1421 769 1468 ex
790 1403 904 1470 horum
928 1404 1125 1488 scriptorum
1159 1403 1252 1470 libris

85 1524 136 1572 eas
159 1513 307 1591 sumptas
332 1526 412 1574 esse.
458 1508 650 1576 Familiares
667 1528 795 1590 quoque
813 1509 985 1594 epistulae,
1011 1528 1095 1591 quae
1111 1511 1252 1594 plerum·

87 1630 144 1691 que
165 1611 258 1678 intra
281 1611 430 1696 privatos
453 1614 598 1697 parietes
622 1614 868 1698 delitescebant,
894 1618 1046 1696 quoniam
1063 1619 1104 1682 ab
1128 1615 1179 1698 iis,
1197 1615 1252 1696 qui

86 1717 242 1800 epistulas
270 1718 478 1802 colligebant,
515 1737 576 1786 nec
599 1719 698 1786 facile
733 1739 795 1787 nec
829 1739 959 1806 semper
993 1722 1250 1805 reperiebantur,

85 1841 191 1890 rerum
231 1831 343 1890 autem
378 1826 576 1909 scriptores,
616 1827 672 1907 qui
706 1827 929 1893 Alexandrum
966 1826 1113 1894 comitati
1146 1833 1250 1911 erant,

86 1928 180 1996 facile
203 1930 246 1996 iis
268 1933 319 1997 uti
341 1939 507 2014 poterant,
532 1931 610 2011 quin
632 1950 676 1997 ex
690 1931 783 1998 libris
806 1950 915 1999 rerum
932 1934 1136 2016 scriptorum,
1161 1952 1250 2014 prae-

15 2103 16 2110 ,
86 2036 174 2116 cipue
199 2053 321 2119 eorum,
354 2036 410 2118 qui
433 2037 615 2103 Alexandri
645 2038 751 2105 vitam
779 2047 1010 2120 exposuerunt,
1040 2040 1250 2121 depromptae

15 2155 17 2184 ³
87 2143 155 2227 sint,
180 2141 315 2209 dubium
337 2162 401 2209 non
425 2149 486 2210 est.
533 2143 600 2210 sad
624 2145 664 2210 de
686 2142 832 2211 fontibus
854 2146 1022 2212 hactenus.

169 2269 276 2350 Nunc,
302 2267 453 2347 quoniam
476 2273 552 2334 sunt
576 2267 662 2354 qui1)
680 2268 840 2350 epistulas
863 2269 1020 2350 quasdam
1037 2268 1249 2335 a'Plutercho

16 2411 18 2418 ,
90 2372 208 2440 allatas
231 2391 273 2439 ex
297 2391 335 2438 eo
359 2373 534 2458 conjiciant
550 2373 702 2441 subditas
717 2393 797 2458 esse,
823 2376 909 2456 qood
932 2393 985 2441 res
1000 2374 1033 2442 in
1050 2374 1090 2441 iis
1104 2375 1251 2441 breviter

16 2499 17 2512 ¹
88 2496 262 2560 parumque
286 2483 441 2546 accurate
473 2487 680 2561 exponantur
709 2486 811 2546 auta
841 2480 997 2548 memoria
1024 2483 1155 2562 paulum
1189 2482 1252 2547 dis-

91 2589 230 2666 crepent,
255 2603 413 2666 exponam
438 2604 503 2668 qua
527 2585 655 2652 ratione
671 2587 869 2655 Plutarchus
893 2605 934 2652 ex
952 2586 1100 2668 epistulis
1117 2603 1252 2670 excerp·

89 2692 172 2756 serit.
219 2690 425 2775 Plutarchus
458 2691 544 2774 quia,
577 2698 613 2757 ut
639 2694 710 2774 ipse
741 2692 957 2778 proficerunt),
986 2692 1075 2760 vitas
1105 2691 1251 2775 singulas

16 2783 17 2786 '
90 2794 229 2861 rherum
245 2796 473 2863 excellentium
490 2797 668 2880 enarravit,
692 2817 757 2864 non
774 2799 946 2865 historiam
963 2798 1146 2865 continuam
1169 2817 1252 2865 com·

91 2900 202 2985 posuit,
227 2919 266 2966 ea
288 2908 427 2986 tantum,
452 2921 536 2985 quae
560 2905 602 2970 ad
625 2902 827 2986 singulorum
850 2903 994 2973 virorum
1027 2904 1168 2972 virtutes
1196 2909 1254 2970 aut

90 3007 174 3084 vitia,
199 3024 306 3074 mores
331 3016 365 3074 et
388 3009 656 3076 consuetudinem
679 3010 843 3091 animique
870 3009 1044 3092 imaginem
1072 3008 1253 3092 exprimen-

91 3111 159 3178 dam
181 3114 394 3196 pertinerent,
419 3115 597 3197 diligenter
620 3115 763 3196 undique
786 3116 896 3200 elegit,
926 3134 1034 3183 rerum
1066 3115 1253 3182 continuam

173 3361 193 3429 ¹)
211 3361 253 3415 Ile
271 3360 415 3415 Alexandri
434 3360 547 3429 epistula
565 3361 635 3419 Plut.
650 3363 696 3419 vit.
708 3362 787 3418 Alex.
800 3361 890 3430 XVII,
904 3361 1043 3416 Kaerstius
1056 3361 1255 3430 (llorschungen

94 3460 116 3511 p.
130 3447 189 3516 108)
202 3449 276 3503 dicit:
296 3449 352 3503 Der
363 3447 452 3502 Inhalt
465 3448 552 3502 dieses
564 3449 669 3503 Briefes
680 3448 765 3518 klingt
776 3466 832 3502 nun
844 3449 907 3502 sehr
920 3448 1036 3502 ssohlioh
1048 3450 1103 3503 und
1115 3448 1254 3518 glaublioh,

96 3533 204 3602 obgleioh
222 3553 253 3592 er
271 3537 368 3606 gewiss
386 3536 460 3590 nicht
476 3537 573 3605 gerade
594 3537 793 3608 „individuelles
812 3536 948 3606 caprage“
968 3539 1038 3605 trdgt
1055 3539 1110 3591 und
1128 3553 1190 3591 man
1207 3552 1254 3590 an-

94 3621 200 3678 nehmcn
216 3624 323 3693 libante,
349 3625 411 3680 dass
428 3625 504 3692 jener
521 3625 664 3680 immerhin
682 3626 836 3694 schwierige
854 3625 961 3680 Marsch
979 3627 1041 3679 dem
1059 3626 1161 3694 Kbnige
1185 3624 1255 3679 wohl

95 3707 257 3780 delegenheit
276 3730 310 3768 zu
328 3715 411 3768 etwas
428 3728 577 3782 genenerat
594 3713 769 3782 Sohildenmg
787 3713 906 3783 gegeben
924 3714 1012 3768 haben
1030 3714 1143 3769 mbchte.
1180 3713 1255 3768 Haec

96 3799 119 3848 et
134 3797 173 3852 his
186 3801 283 3856 similia
295 3801 441 3870 Kaerstiua
460 3817 620 3870 quamquam
633 3801 792 3856 Plutarchus
805 3803 851 3860 vit.
867 3801 945 3857 Alex.
958 3802 972 3855 Ι
985 3798 1061 3854 οὐδὲν
1073 3799 1147 3872 ἄλλο,
1161 3802 1254 3870 inquit,

17 3931 18 3950 ,
95 3888 244 3957 προεροῦμεν
261 3887 278 3956 ἢ
295 3889 519 3959 παραιτησόμεθα
536 3890 597 3946 τοὺς
615 3889 849 3959 ἀναγινώσκοντας,
868 3887 915 3942 ἐὰν
931 3890 969 3957 μὴ
987 3889 1075 3942 πάντα
1099 3886 1168 3959 μηδὲ
1189 3887 1254 3942 καθ’

96 3968 196 4028 ἕκαστον
212 3975 412 4049 ἐξειργασμένως
429 3997 455 4030 τι
472 3977 525 4031 τῶν
542 3975 703 4048 περιβοήτων
718 3977 929 4048 ἀπαγγέλλωμεν,
948 3976 1210 4046 &litteratarum
1222 3977 1252 4057 sd

95 4057 201 4128 πλεῖστα,
218 4066 255 4134 μὴ
275 4068 454 4134 campomis.

176 4171 267 4240 ¹)Vit.
287 4173 346 4230 Nic.
365 4173 387 4242 1,
407 4173 452 4231 sit.
473 4172 550 4230 Alex.
568 4173 590 4243 1,
609 4175 655 4229 via
674 4173 740 4231 Oim.
758 4174 793 4230 11.
