3016 4612
638 185 678 254 51

87 380 180 447 tuisse
205 386 460 449 consentaneum
484 389 544 449 est.
591 384 682 450 Idem
707 383 793 449 -dicit
816 383 989 466 epistulam
1018 403 1090 452 cum
1112 383 1153 450 iis
1182 383 1245 450 (ιιι-

88 505 225 568 crepare,
252 507 335 570 quae
351 489 549 556 Plutarchus
565 489 622 557 vit.
639 491 734 556 Alex.
752 490 835 557 VIII
859 490 971 557 tradit.
1019 491 1085 558 Sed
1100 492 1245 558 Kaersti-

86 613 119 660 us
144 613 184 660 ex
212 595 385 663 Plutarchi
408 595 520 663 verbis
550 603 583 658 αι’
614 595 883 676 praeparabant
918 595 1048 677 σφοδρὸν
1071 599 1162 660 έκεῖνο
1196 599 1245 658 καὶ

86 699 244 780 στερκτικὸν
268 703 320 762 οὐκ
346 699 465 784 iporeae
489 705 549 769 κτλ.
573 721 688 786 parum
704 713 795 770 recte
819 703 996 787 conjecisse
1012 704 1091 771 mihi
1114 703 1246 771 Videtur

85 815 151 888 post
171 807 346 874 Hermolai
362 809 618 894 conjurationem
642 809 847 892 patefactam
863 810 1138 892 Callisthenisque
1162 829 1245 877 mor·

84 921 141 978 tem
163 913 389 981 Alexandrum
423 922 457 981 et
484 916 698 984 Aristotelem
726 917 813 983 inter
845 935 880 982 se
911 917 1069 1000 epIstnlas
1101 916 1244 984 dedisse:

83 1019 277 1086 Plutarchus
308 1019 393 1087 enim
426 1039 499 1088 cum
523 1020 604 1088 dicit
635 1019 847 1102 φιλοφροσύναι
878 1040 942 1088 ιιοιι
971 1021 1062 1089 ιοοιο
1085 1023 1245 1103 quaedam

84 1133 133 1192 aut
155 1126 326 1211 epistulas,
359 1129 418 1194 sed
441 1127 624 1195 Alexandri
655 1127 690 1194 in
712 1128 926 1196 Aristotelem
955 1145 1084 1195 sensum
1107 1127 1243 1208 indicat,

84 1231 130 1311 qui
164 1235 265 1300 etiam
295 1231 328 1299 iu
359 1235 562 1301 sermonibus
596 1253 660 1302 nen
682 1234 717 1301 in
748 1235 897 1318 epistulis
928 1238 1123 1320 apparebat,
1153 1235 1244 1303 velut

82 1335 195 1404 ibidem
220 1339 421 1420 Ἀριστοτέλην
457 1342 487 1403 δὲ
518 1339 682 1420 θαυμάζων
715 1347 744 1402 ἐν
772 1342 845 1424 ἀρχῇ
875 1346 923 1404 καλ
958 1342 1075 1422 ἀγαπῶν
1105 1394 1111 1408 .
1137 1392 1145 1409 .
1171 1394 1178 1407 .
1208 1345 1244 1412 ὡς

82 1442 160 1515 odie
192 1443 271 1527 ἔλεγε
308 1453 343 1512 et
372 1447 464 1532 (ibid.
488 1447 646 1533 LXXIV)

81 1560 127 1610 ιιι
143 1549 392 1633 Ἀριοιοιιλαοι“.
441 1553 563 1636 Quodsi
590 1554 789 1621 Plutarchus
819 1557 1043 1622 Alexandrum
1072 1553 1244 1620 Aristoteli

80 1659 191 1723 malrmr
217 1677 282 1724 non
305 1658 453 1727 intulisse
477 1659 567 1744 dIcit,
597 1665 687 1726 certe
711 1679 783 1726 cum
814 1661 958 1746 epistula
979 1679 1052 1727 nou¹
1068 1660 1242 1744 discrepat,

81 1763 247 1830 dummodo
283 1765 462 1848 cogitemus
501 1766 671 1848 epistulam
707 1785 782 1832 esse
819 1766 975 1849 scriptam
1018 1768 1131 1832 statim
1169 1772 1243 1849 post

79 1886 189 1948 pueros
228 1882 333 1938 morte
367 1873 532 1955 multatos,
572 1891 634 1954 quo
670 1884 814 1955 tempore
851 1874 1075 1940 Alexandrum
1114 1871 1243 1940 fervida

26 1999 28 2010 ¹
80 1977 215 2054 quadam
238 1986 337 2058 atque
367 1979 491 2045 recenti
516 1978 567 2044 ira
597 1978 831 2046 inflammatum
862 1979 960 2046 luisse
990 1986 1242 2047 consentaneum

80 2089 139 2146 est:
165 2102 273 2164 neque
298 2084 435 2168 mIrerIs,
461 2088 546 2166 qued
568 2086 758 2153 Alexander
789 2086 864 2152 illas
887 2084 1002 2166 minas,
1035 2103 1115 2167 quas
1140 2085 1242 2168 primo

79 2185 107 2252 in
129 2189 344 2257 Aristotelem
372 2191 569 2274 jactaverat,
596 2199 713 2274 postea
742 2191 793 2258 ira
821 2193 890 2276 jam
920 2192 1071 2276 mitigata
1098 2211 1163 2258 non
1191 2199 1242 2258 est

81 2304 261 2363 exsecutus:
302 2297 487 2380 SuapIcieso
519 2303 631 2364 autem
659 2305 760 2379 atque
784 2299 891 2365 alieno
905 2299 930 2383 ¹)
965 2298 1072 2367 animo
1107 2317 1179 2364 eum
1207 2298 1242 2364 in

81 2401 290 2470 Aristotelem
312 2403 423 2489 luisse,
454 2404 489 2471 id
513 2406 599 2486 quod
632 2404 791 2487 epistulae
816 2404 953 2472 verItati
974 2404 1076 2484 favet,
1109 2410 1143 2470 et
1165 2405 1242 2472 Plu·

81 2511 207 2576 tarchus
223 2510 347 2576 ibidem
363 2513 443 2578 VIII
458 2517 602 2578 testatur
619 2521 653 2578 et
669 2530 709 2576 ex
733 2511 845 2580 verbis
861 2511 931 2594 eJ'us
946 2510 1069 2577 ibidem
1084 2510 1239 2589 LXXIV,

83 2630 159 2691 quae
183 2617 291 2699 attuli,
317 2623 420 2698 patet.
466 2618 556 2684 Idem
574 2617 747 2684 Kaerstius
771 2625 866 2699 putat
881 2615 1053 2699 epistulam
1077 2617 1175 2683 etiam
1199 2618 1241 2682 ab

80 2717 113 2784 iis
141 2721 341 2805 discrepare,
373 2742 456 2804 quae
487 2724 610 2792 Chares
645 2725 732 2805 apud
761 2723 976 2790 Plutarchum
1007 2722 1141 2808 (ibidem
1168 2723 1241 2808 LV)

27 2879 28 2912 ,
81 2827 197 2894 tradit:
222 2827 327 2908 Χάρης
349 2831 379 2892 δὲ
397 2830 496 2916 (λέγει)
519 2829 593 2908 μετὰ
608 2828 658 2909 τὴν
682 2829 821 2908 σύλληψιν
838 2828 911 2891 inari
926 2838 1019 2907 μῆνας
1034 2827 1241 2910 φνλάττεσθαι

27 2989 32 3002 ,
79 2935 233 3011 δεδεμένοι,
256 2939 293 3006 ὡς
316 2941 345 2998 ἐν
367 2947 406 3014 τῷ
427 2941 567 3016 συνεδρίῳ
591 2939 705 3016 κριθείη
727 2933 872 3016 παρόντος
899 2937 1126 3015 Ἀριστοτέλους.
1173 2936 1239 3002 Sed

79 3035 154 3106 haec
185 3043 228 3108 ab
253 3041 394 3122 epistula
424 3043 554 3110 minime
586 3043 773 3121 abhorrent,
806 3043 901 3109 imme
926 3060 997 3108 eam
1031 3042 1238 3108 confirmant:

79 3161 146 3211 nam
171 3148 370 3232 Alexander,
404 3149 458 3229 qui
487 3155 524 3216 ut
550 3150 768 3217 Callisthenes
795 3149 976 3216 Aristotele
1006 3157 1178 3231 praesente
1206 3151 1240 3215 in

79 3249 229 3330 judicium
252 3264 427 3322 vocaretur
458 3263 555 3336 atque
579 3256 791 3322 damnaretur
816 3256 971 3336 decrevit,
1001 3263 1092 3322 certe
1114 3255 1240 3322 Aristo·

80 3358 166 3426 telem
199 3378 263 3426 non
287 3359 456 3428 afficiebat
486 3363 618 3441 honore,
651 3363 709 3428 sed
737 3364 894 3444 probrum
923 3362 957 3429 in
981 3381 1052 3436 eum
1078 3363 1238 3447 J'actabat,

81 3479 166 3540 quem
184 3465 247 3532 sibi
269 3468 369 3534 talem
386 3476 538 3550 nepotem
563 3470 806 3536 commendasse
823 3469 957 3536 sciebat.
1004 3469 1115 3536 Verba
1137 3468 1241 3552 igitur

79 3567 110 3638 ὡς
129 3579 244 3651 κριθείη
266 3571 411 3651 παρόντος
433 3585 484 3638 τοι
501 3573 727 3657 Ἀριοιοαιιοας,
751 3594 792 3641 ex
817 3575 933 3656 quibus
956 3585 1093 3659 apparet
1114 3575 1240 3642 Aristo-

80 3675 166 3744 telem
191 3697 319 3760 qnoque
337 3681 517 3762 periculum
533 3683 716 3748 subiturum
733 3681 844 3764 fuisse
870 3681 1062 3748 confirmant
1079 3680 1239 3764 epistulae

79 3786 173 3850 Verba
196 3782 247 3848 τὸν
274 3787 305 3846 δὲ
338 3787 479 3866 σοφιστὴν
510 3786 564 3865 ἑγὼ
588 3786 703 3848 κολάσω
732 3784 870 3858 καὶτοὺς
898 3785 1108 3866 ἐκνικλιψαντας
1138 3785 1236 3868 αὐτόν,

80 3883 164 3954 Unde
187 3890 331 3958 fortasse
362 3892 472 3976 colligi
502 3898 612 3975 potest
643 3893 816 3975 epistulam
846 3892 1031 3959 aGharete
1061 3893 1238 3959 memoriae

158 4051 179 4119 ¹)
199 4050 324 4105 Conleras
344 4051 424 4105 etlam
437 4051 513 4120 DIog.
527 4050 613 4106 laert.
633 4051 666 4120 V,
688 4055 711 4120 1,
731 4053 790 4108 8et
803 4051 915 4106 Dionem
930 4051 1174 4121 Chrypsostomum,
1194 4053 1239 4122 qui

80 4133 170 4208 dloitur,
189 4139 229 4193 De
243 4141 350 4194 fortuna
364 4141 428 4193 orat.
443 4139 533 4195 LXIV
546 4139 595 4196 vol.
610 4139 638 4192 H
652 4155 678 4208 p.
691 4141 743 4197 212
763 4140 803 4196 ed.
816 4139 894 4198 Dind.
908 4139 1003 4211 quibus
1016 4143 1105 4195 tamen
1123 4139 1238 4194 multum

80 4221 129 4278 idei
146 4226 244 4281 habeas
263 4243 337 4283 cave.

1023 4317 1055 4368 4*
