3008 4614
783 83 847 152 120

354 283 359 294 '
391 285 427 354 ὡς
450 279 531 345 αὐτοὶ
554 285 583 342 ἐν
605 293 670 352 ταῖς
692 283 857 353 ἐπιστολαῖς
879 278 952 362 πρὸς
975 278 1108 353 ἅπαντας
1127 279 1323 368 ἐκομπάσατε,
1348 287 1400 344 καὶ

384 384 490 470 Ἆρονγν
506 387 726 459 ἀποκτείναντός
740 409 794 451 σου
808 385 882 466 μετὰ
897 385 1031 472 Βαγώου,
1055 392 1105 450 καλ
1125 386 1175 468 τὴν
1200 385 1290 470 ἀρχὴν
1312 412 1401 450 κατα-

390 490 508 576 σχόντος
530 494 564 556 ού
586 499 702 566 δικαίως
724 493 789 556 ούδέ
812 492 888 556 κατὰ
910 492 960 556 τάν
976 495 1099 576 Περσῶν
1121 492 1216 580 νόμον,
1242 495 1316 558 άλέά
1339 497 1400 557 ἀδι-

390 610 506 673 κοῦντος
528 605 663 682 Πέρσας,
687 605 736 663 κοιλ
758 603 831 684 ὑπὲρ
854 607 925 681 ἐμοῦ
946 598 1020 682 πρὸς
1047 599 1115 676 τούς
1138 599 1282 682 Ἕλληνας
1309 601 1400 685 γράγυ

390 730 470 786 ματα
493 708 546 771 ούκ
569 705 715 788 ἐπιτήδεια
738 706 909 784 πεμποντος,
933 705 1012 779 ὅπως
1033 706 1108 788 πρός
1122 733 1158 786 με
1171 711 1324 793 πολεμῶσι,
1350 713 1400 770 καὶ

389 812 522 896 χρήματα
545 814 773 895 ἀποστέλλοντος
787 813 861 895 πρὸς
875 802 1125 894 Λακεδαιμονίους
1139 818 1188 877 καὶ
1204 811 1305 888 ἄλλους
1319 815 1401 888 τινάς

388 929 443 982 τῶν
464 921 617 1004 Ἑλλήνων,
642 923 692 981 καὶ
714 930 768 984 τῶν
790 921 841 1000 μὲν
856 916 950 983 άλλων
964 918 1074 983 πόλεων
1090 921 1224 1000 οὐδεμιᾶς
1238 925 1398 1006 δεχομένης,

390 1032 628 1104 Λακεδαιμονίω
650 1028 682 1088 δέ
696 1028 851 1111 λαβόντων,
876 1031 925 1090 καὶ
947 1036 1002 1090 τῶν
1024 1026 1106 1110 παρά
1129 1037 1182 1091 σοῦ
1205 1032 1401 1107 πεμφθέντων

325 1123 328 1131 ’
389 1130 456 1204 τούς
478 1130 562 1210 ἐμούς
585 1136 685 1213 φίλους
707 1132 944 1213 διαφθειράντων
973 1138 1021 1195 καὶ
1046 1132 1097 1212 τὴν
1128 1131 1245 1214 εἰρήνην,
1277 1132 1310 1213 ἣν
1340 1147 1402 1207 τοῖς

383 1236 500 1318 Ἕλλησι
524 1239 723 1302 κατεσκεύασα
752 1239 876 1303 διαλύειν
905 1240 1120 1323 ἐπιχειρούντων
1136 1225 1329 1321 ’ἐστράτευσα
1353 1245 1401 1302 ἐπὶ

391 1347 424 1407 σέ
447 1345 626 1424 ὑπάρξαντος
649 1357 702 1410 σοῦ
731 1354 781 1426 τῆς
811 1344 938 1429 ἔχθρας·
971 1345 1069 1426 ἐπειδὴ
1097 1349 1127 1410 δὲ
1161 1345 1237 1429 μάχῃ
1265 1351 1401 1428 νενίκηκα

390 1449 529 1531 πρότερον
551 1454 602 1531 μὲν
624 1450 691 1524 τούς
712 1451 782 1524 σούς
805 1452 981 1535 στρατηγούς
1008 1457 1056 1516 καὶ
1087 1454 1256 1534 σατράπας,
1286 1464 1336 1516 νῦν
1370 1458 1401 1516 δέ

389 1562 438 1620 καλ
462 1560 494 1620 σέ
518 1562 566 1620 καὶ
589 1557 640 1639 τὴν
661 1557 735 1638 μετά
758 1569 811 1622 σοῦ
833 1561 960 1640 δύναμιν,
986 1563 1035 1621 καὶ
1057 1558 1107 1639 τὴν
1129 1560 1222 1642 χάραν
1246 1559 1313 1642 ἔχω,
1347 1572 1402 1624 τῶν

390 1673 467 1728 θεῶν
489 1688 538 1744 μοι
561 1663 675 1746 δύντων,
701 1663 765 1729 ὅσοι
786 1673 840 1728 τῶν
862 1664 935 1744 μετά
961 1676 1017 1728 σοῦ
1039 1665 1288 1746 παραταξαμένων
1307 1666 1350 1747 μὴ
1373 1675 1402 1729 ἐν

389 1781 423 1852 τῇ
445 1770 521 1855 μάχῃ
544 1773 706 1844 ἀπέθανον,
731 1770 806 1834 ἀλλά
828 1773 897 1849 παρ’
923 1774 970 1852 ἐμέ
1002 1777 1177 1858 κατέφυγον,
1208 1772 1316 1837 τούτων
1341 1781 1402 1836 ἐπι-

389 1882 513 1958 μέλομαι
536 1883 585 1940 καὶ
607 1880 660 1942 ούκ
684 1875 801 1950 άκοντες
824 1880 892 1961 παρ’,
911 1883 977 1956 ἐμοί
995 1883 1074 1952 εἰσιν,
1099 1877 1175 1941 άλλά
1190 1879 1272 1943 αὐτοὶ
1288 1877 1403 1952 έκύντες

373 1983 629 2074 Ιξυστρατεύονται
651 1987 712 2064 μετ’
737 1991 814 2064 ἐμοῦ.
846 1989 882 2057 ὡς
905 1981 953 2047 ούν
977 1992 1047 2063 ἐμοῦ
1076 1996 1127 2065 τῆς
1151 1985 1252 2058 Ἀσίας
1281 1985 1403 2066 ἁπάσης

390 2096 489 2174 κυρίου
511 2089 593 2164 ὄντος
616 2087 665 2171 ἧκε
688 2090 761 2174 πρὸς
784 2092 843 2170 ἐμέ.
871 2097 898 2153 εί
918 2093 949 2154 δὲ
973 2095 1049 2174 φοβῇ
1071 2089 1110 2171 μέγ
1134 2091 1226 2155 ἐλθὼν
1248 2090 1354 2174 πάθῃς
1375 2116 1402 2155 τι

390 2199 421 2272 ἐξ
443 2198 513 2276 ἐμοῦ
535 2196 630 2281 ἄχαρι,
654 2203 749 2278 πέμπε
772 2198 851 2270 τινάς
872 2209 925 2262 τῶν
942 2203 1032 2279 φίλων
1046 2197 1084 2262 τά
1099 2198 1191 2263 πιστά
1212 2203 1402 2280 ληψομένους.

392 2302 485 2367 ἐλθὼν
507 2307 538 2366 δέ
561 2303 634 2384 πρύς
655 2331 692 2384 με
720 2304 771 2384 τὴν
797 2311 905 2388 μητέρα
940 2311 988 2369 καὶ
1020 2309 1069 2385 τὴν
1100 2319 1221 2388 γυναῖκα
1251 2310 1300 2368 καὶ
1335 2305 1403 2378 τούς

390 2417 500 2482 παῖδας
522 2415 571 2473 καὶ
594 2411 627 2473 εἴ
641 2436 668 2473 τι
692 2409 761 2474 άλλο
785 2415 897 2485 ἐθέλεις
919 2413 992 2474 αἴτει
1015 2417 1064 2474 καὶ
1086 2413 1229 2494 λάμβανε·
1254 2409 1269 2475 ὅ
1293 2435 1319 2474 τι
1345 2411 1401 2495 γάρ

390 2517 426 2580 άν
448 2522 555 2598 πείθῃς
578 2520 626 2597 ἐμέ
651 2517 732 2581 ἔσται
755 2539 816 2581 σοι·
842 2523 891 2581 καὶ
909 2530 960 2580 τοῦ
973 2521 1076 2581 λοιποῦ
1092 2515 1161 2582 ὅταν
1182 2523 1305 2599 πέμπῃς,
1331 2519 1403 2600 παρ’

390 2627 440 2703 ἐμέ
462 2621 499 2696 άς
520 2628 644 2706 βασιλέα
672 2635 722 2705 τῆς
746 2625 848 2697 Ἀσίας
877 2631 980 2709 πέμπε,
1005 2626 1074 2705 μφδέ
1107 2623 1246 2713 οἳ[βούλει]
1277 2624 1307 2698 ἐξ
1337 2626 1405 2688 ίσου

390 2734 544 2812 ἐπέστελλε,
571 2732 631 2794 ἀλλ’
656 2733 691 2804 ὡς
714 2733 803 2813 κυρίῳ
828 2728 886 2795 ὄντι
910 2732 1024 2795 πάντων
1045 2742 1099 2796 τῶν
1115 2743 1171 2794 σῶν
1186 2730 1279 2814 φράζε
1302 2731 1335 2794 εἴ
1351 2755 1404 2794 του

390 2837 451 2918 δέχ·
474 2844 502 2900 εί
522 2841 552 2900 δὲ
575 2837 623 2919 μή,
648 2837 701 2920 ἐγὼ
720 2839 911 2919 βουλεύσομαι
934 2842 1001 2919 περὶ
1023 2849 1075 2901 σοῦ
1105 2843 1142 2910 ὡς
1171 2839 1361 2909 ἀδικοῦντος·
1379 2843 1406 2899 εί

390 2946 421 3007 δύ
455 2943 607 3027 ἀντιλέγεις
637 2950 702 3026 περὶ
732 2955 782 3024 τῆς
810 2947 973 3026 βασιλείας,
1007 2947 1164 3025 ῦπομεένας
1193 2943 1233 3006 ἔτι
1263 2943 1403 3026 α’γιύνισαν

390 3055 458 3131 περὶ
481 3053 571 3131 αὐτῆς
593 3055 641 3113 καὶ
657 3049 696 3130 μὴ
711 3060 806 3134 φεῦγε,
830 3055 867 3115 ὡς
882 3050 935 3133 ἐγὼ
947 3055 993 3114 ἐπὶ
1009 3055 1042 3114 σέ
1058 3051 1240 3133 πορεύσομαι
1255 3047 1289 3113 ού
1308 3049 1345 3112 άν
1360 3047 1402 3130 ᾖς.

232 3156 422 3223 Alexander
444 3157 507 3222 hee
524 3157 665 3239 epistula
680 3157 790 3224 Dareo
814 3159 893 3225 dete
909 3158 1062 3226 Marathe
1078 3157 1246 3239 profectus
1260 3157 1402 3241 Byblum

233 3272 267 3330 et
290 3261 442 3330 Sidonem
467 3269 600 3347 ceperat
623 3262 710 3352 (Arr.
735 3264 779 3330 Π.
807 3263 895 3352 15,6)
918 3267 1105 3348 Tyrumque
1130 3265 1199 3348 jem
1229 3264 1402 3330 obsidebat

232 3388 307 3437 eum
328 3371 371 3436 εδ
394 3388 467 3436 eum
490 3369 593 3438 Darei
616 3371 718 3454 legati
741 3388 812 3438 eum
835 3369 999 3439 mandetis
1014 3377 1187 3455 venerunt,
1219 3371 1260 3436 de
1283 3369 1400 3451 quibus

232 3476 394 3545 Arrianus
417 3477 462 3559 ΙΙ,
486 3474 561 3561 25‚1
587 3495 657 3559 sqq.
681 3477 764 3542 haee
786 3477 911 3544 tradit:

384 3579 446 3644 Ἐτι
474 3585 505 3646 δέ
528 3589 557 3646 ἐν
579 3593 614 3663 τῇ
643 3585 796 3661 πολιορκίᾳ
818 3594 868 3663 τῆς
895 3583 988 3662 Ίύρου
1010 3584 1192 3665 ξυνεχομένου
1211 3579 1401 3663 Ἀλεξάνδρου

391 3691 530 3770 άφίκοντο
554 3687 637 3770 παρά
662 3691 789 3769 Δαρείου
817 3695 952 3772 πρέσβεις
982 3695 1019 3762 ὡς
1041 3689 1143 3773 αύτύν,
1175 3689 1401 3769 ἀπαγγέλλοντες

390 3795 480 3878 μύρια
502 3797 553 3875 μέν
575 3793 704 3858 τάλαντα
728 3797 801 3876 ύπέρ
822 3806 872 3876 τῆς
894 3797 999 3878 μητρός
1021 3821 1052 3859 τε
1068 3800 1118 3858 καὶ
1139 3806 1190 3876 τῆς
1204 3793 1336 3876 γυυαεκύς
1350 3798 1400 3856 καὶ

390 3913 444 3967 τῶν
459 3902 571 3966 παίδων
592 3908 691 3966 δοῦναι
714 3905 826 3966 ἐθέλειν
843 3903 1021 3986 Ἀλεξάνδρῳ
1037 3906 1171 3985 Δαρεῖον·
1194 3901 1244 3982 τὴν
1259 3904 1290 3965 δέ
1303 3899 1397 3986 χάραν

389 4020 489 4072 πᾶσαν
511 4007 561 4089 τὴν
585 4006 663 4080 ἐντὸς
685 4006 844 4091 Εύφράτου
866 4019 998 4089 ποταμοῦ
1021 4008 1085 4073 ἕστε
1110 4011 1155 4072 ἐπί
1175 4008 1332 4071 θάλασσαν
1346 4005 1398 4086 τὴν

339 4177 341 4182 ,
389 4113 556 4195 Ἑλληνικὴν
572 4114 760 4194 Ἀλεξάνδρου
783 4113 868 4177 εἶναι’
892 4113 1022 4197 γήμαντα
1045 4118 1076 4179 δέ
1096 4114 1146 4194 τὴν
1160 4119 1288 4196 Δαρείου
1309 4119 1398 4176 παῖδα
