3016 4612
815 111 857 177 10

731 205 943 212 ——-—-——

253 313 381 390 ἑταίρων,
407 307 563 390 γράμματα
588 315 714 387 φέροντα
748 312 808 390 παρ’
827 306 1017 384 Ἀλεξάνδρον
1051 305 1124 384 πρὸς
1145 305 1212 378 τοὺς
1246 329 1432 387 στρατηγους
1503 376 1504 383 ¹

251 413 317 486 τοὺς
341 415 369 475 ἒν
393 418 493 492 Μηδίᾳ
518 412 686 492 Κλέανδρόν
708 436 738 475 τε
762 417 810 474 καὶ
835 409 978 490 Σιτάλκην
1002 416 1050 474 καὶ
1067 416 1205 476 Μενίδαν.
1253 411 1431 494 copiosius

252 539 319 586 rem
345 523 496 601 exposuit
524 520 654 586 Curtius
679 519 753 602 Vll,
779 520 823 601 ll,
849 521 867 582 7
893 537 939 598 sq.
956 518 1010 598 qui
1027 517 1125 584 etiarn
1142 518 1224 584 alias
1242 517 1433 584 Alexandri

253 626 410 707 epistulas
435 632 513 691 tunc
537 629 633 693 datas
656 624 859 707 memoravit,
896 643 1031 705 quarum
1056 632 1113 690 aut
1135 625 1341 690 Ptolemaeus
1366 629 1433 688 aut

252 732 309 797 alli
332 731 508 813 scriptores
531 733 727 797 mentionem
751 730 916 797 fecerant:
952 750 1028 796 nam
1052 730 1134 796 alios
1170 749 1297 810 quoque
1322 729 1429 810 scrip-

252 843 341 904 tores
366 838 406 904 da
429 839 489 904 hac
513 857 548 904 re
571 856 724 904 narrasse
747 837 954 919 perspicuum
979 843 1028 903 est
1053 856 1094 902 ex
1116 836 1250 902 Arriani
1273 835 1363 920 (ibid.
1397 856 1429 900 c.

252 942 304 1020 27,
331 943 364 1028 l)
389 945 513 1011 Verbis:
537 950 663 1024 Λέγουσι
686 944 717 1004 di
741 947 790 1004 καὶ
808 941 949 1020 Ἀμύνταν
973 967 997 1008 κ.
1021 966 1045 1008 τ,
1069 945 1094 1007 λ.

340 1050 430 1116 Idem
458 1050 616 1115 Arrianus
652 1050 740 1134 (Vll,
775 1048 828 1135 18)
860 1049 955 1114 testis
987 1055 1037 1113 est
1061 1049 1237 1131 epistulas,
1269 1065 1347 1128 quas
1379 1048 1428 1110 A·

250 1156 435 1237 pollodorus
458 1156 743 1238 Amphipolitanos
767 1155 948 1220 Alexandri
975 1155 1098 1220 sodalis
1122 1161 1155 1219 et
1178 1154 1388 1234 Pythagoras
1399 1153 1429 1235 ¹)

251 1265 339 1328 inter
363 1280 398 1326 se
423 1263 596 1344 dederont,
620 1262 844 1328 Aristobulum
868 1280 1073 1327 memorasse.

341 1368 436 1434 Unde
457 1367 660 1450 perspicuum
678 1377 728 1434 est
751 1386 859 1432 rerum
876 1366 1055 1433 Alexandri
1078 1369 1253 1448 scriptores
1278 1365 1431 1448 ejusdem

252 1473 373 1540 aetatis
411 1473 568 1556 epistulas
607 1473 781 1540 memoriae
820 1473 1017 1558 prodidisse:
1056 1492 1131 1558 narn
1167 1474 1222 1553 qui
1256 1470 1430 1553 epistulas,

152 1593 154 1596 ’
253 1599 390 1660 quarum
413 1579 610 1645 mentionem
635 1580 781 1663 fecimus,
806 1581 1023 1661 tradiderunt,
1049 1579 1147 1644 etiarn
1164 1579 1248 1644 alias
1265 1577 1432 1660 epistulas

254 1705 450 1752 memorasse
478 1685 650 1769 J'udicandi
681 1696 777 1765 sunt;
813 1687 899 1766 quod
929 1685 1057 1766 quidem
1084 1685 1239 1768 judicium
1269 1685 1367 1750 etiam
1393 1684 1432 1748 in

255 1803 382 1858 ceteros
414 1793 596 1858 Alexandri
629 1793 756 1858 sodales
785 1793 883 1871 cadit,
921 1792 975 1873 qui
1006 1811 1059 1857 res
1084 1791 1153 1877 ejus
1177 1798 1287 1873 gestas
1312 1808 1433 1854 narra·

251 2005 499 2071 narrationibus
514 2004 659 2070 inserere
676 2024 743 2070 mos
761 2011 842 2069 erat.
867 2004 967 2070 Nobis
979 2003 1081 2084 igitur
1094 2005 1275 2069 conandum
1292 2001 1431 2082 quidem

255 2120 305 2176 est
340 2129 437 2179 veras
473 2110 631 2191 epistulas
667 2110 893 2176 asubditiciis
919 2112 1111 2192 dignoscere
1136 2110 1430 2190 quaerendumque

254 2219 294 2282 de
318 2234 432 2281 earum
455 2214 610 2296 fontibus
642 2218 701 2280 sed
724 2234 794 2282 cum
820 2215 978 2296 epistulas
1001 2223 1080 2280 ante
1104 2214 1212 2280 oculos
1237 2214 1427 2295 habeamus,

252 2323 365 2404 qrrales
378 2330 455 2387 1111
465 2322 552 2405 11111,
569 2340 650 2402 quas
663 2322 850 2400 memoravi,
876 2323 1034 2404 aliasque,
1059 2340 1138 2402 quas
1151 2318 1238 2385 inira
1250 2337 1427 2401 exponam,

251 2447 316 2494 non
346 2438 396 2494 est
423 2428 670 2494 Westermanno
701 2429 951 2506 concedendum,
988 2447 1051 2493 non
1083 2445 1176 2508 posse
1207 2425 1429 2492 demonstrari

252 2535 409 2618 epistulas
433 2553 453 2598 a
476 2552 584 2598 rerum
599 2535 781 2599 Alexandri
805 2533 1016 2614 scriptoribus
1037 2531 1229 2613 aequalibus
1246 2530 1427 2598 memoriae

253 2642 399 2723 proditas
430 2658 517 2723 esse,
554 2641 748 2722 praesertim
779 2659 852 2705 cunr
883 2639 917 2703 in
947 2638 1074 2703 illorum
1105 2637 1301 2719 scriptorum
1328 2636 1426 2701 libris

253 2746 409 2829 epistulas
433 2746 535 2812 fuisse
559 2747 701 2827 Arriani,
727 2764 809 2826 quae
834 2745 964 2827 protuh,
999 2744 1203 2825 gravissrmis
1228 2741 1427 2810 testimoniis

252 2854 390 2934 aliisque
430 2851 655 2934 confirmetur,
699 2871 782 2932 quae
822 2852 887 2917 suis
926 2850 1005 2916 locis
1044 2848 1187 2916 afferam.
1249 2851 1345 2914 Nunc
1385 2849 1426 2913 de

253 2957 514 3041 ephemeridibus
539 2976 644 3039 pauca
669 2958 781 3027 dicam.

340 3065 472 3131 Etenim
495 3064 529 3128 in
553 3064 700 3131 fontibus
726 3065 814 3132 vitae
845 3082 1017 3145 rerumque
1046 3069 1210 3146 gestarum
1240 3062 1426 3128 Alexandri

253 3171 352 3237 etiam
376 3170 600 3252 ephemerides
623 3179 708 3250 1111,
734 3189 814 3252 qaas
831 3172 872 3236 ab
889 3171 1035 3237 Eumene
1052 3169 1214 3234 Gordiano
1233 3175 1265 3233 11
1281 3167 1424 3232 Diodoto

253 3277 438 3360 Erythraeo
463 3277 604 3359 scriptas
628 3295 699 3343 esse
724 3284 865 3343 testatur
890 3277 1081 3341 Athenaeus
1105 3275 1149 3359 X,
1173 3273 1217 3338 44
1241 3271 1332 3339 teth.
1373 3275 1424 3338 De

252 3383 291 3450 iis
316 3383 456 3450 Strattin
480 3383 669 3463 Olynthium
693 3383 865 3464 scripsisse
897 3382 1002 3447 tradit
1030 3380 1146 3448 Suidas
1177 3400 1208 3446 v.
1231 3377 1376 3456 Στράττις
1386 3378 1423 3463 2).

342 3615 362 3682 ¹)
380 3615 421 3667 De
439 3630 468 3666 re
486 3613 519 3667 oi.
539 3612 609 3668 Plut.
628 3612 674 3668 111.
693 3611 771 3670 Alex,
790 3609 911 3663 LXXlII
930 3620 957 3662 et
975 3613 1087 3676 Appian.
1105 3606 1251 3675 Ἐμφνλίων
1269 3607 1305 3676 11,
1326 3607 1386 3660 152.

343 3701 364 3770 Ξ)
384 3701 462 3755 Geiar
486 3701 574 3768 (Alex.
600 3700 636 3756 111.
661 3699 721 3755 hist.
746 3697 836 3765 script.
855 3696 960 3764 Lipsiae
981 3696 1050 3751 1844
1068 3713 1094 3764 p,
1114 3697 1178 3762 356)
1208 3695 1271 3748 dicit
1297 3695 1423 3748 traditum

253 3807 311 3845 esse
336 3790 377 3842 his
401 3789 502 3841 diurnis
527 3790 633 3856 praeter
650 3787 800 3840 Eumenem
825 3789 852 3839 et
871 3785 1013 3838 Diodotum
1040 3783 1084 3838 vel
1102 3783 1280 3837 describendis
1306 3783 1350 3837 vel
1375 3799 1423 3836 ex-

252 3878 396 3932 scribendis
409 3893 516 3945 operam
534 3876 638 3930 dedisse
656 3874 765 3928 Strattin
785 3873 949 3941 Olynthium.
969 3874 1037 3941 quod
1056 3877 1126 3926 certe
1146 3872 1227 3925 verba
1246 3871 1344 3941 ἔγραψε
1362 3875 1424 3938 περὶ

252 3968 304 4019 τῶν
322 3961 485 4034 ἐφημερίδων
507 3979 560 4016 non
578 3963 732 4032 significant.
770 3963 844 4031 Idem
868 3963 964 4016 ibidem
989 3961 1132 4014 assentitur
1157 3959 1351 4025 Sento-Crucio,
1377 3961 1423 4026 qui

252 4056 384 4122 (Examen
402 4052 512 4120 critique
530 4052 577 4105 des
595 4051 701 4104 enciens
720 4051 859 4105 historiens
887 4051 988 4104 d’Alex.
1007 4049 1033 4102 le
1053 4049 1150 4102 Grand.
1169 4049 1243 4102 Paris
1264 4049 1334 4104 1801
1347 4064 1372 4114 p.
1386 4048 1422 4102 45

253 4144 312 4196 adn.
339 4144 368 4208 5)
394 4157 428 4194 ex
451 4141 583 4192 mentione
609 4139 674 4208 libri,
703 4155 783 4206 quem
810 4141 843 4193 do
868 4137 1012 4192 Alexandri
1039 4140 1123 4191 morte
1151 4137 1288 4203 scripsisse
1311 4136 1423 4190 Sirattin
