3016 4612
787 146 829 214 28

703 240 915 250 *-

228 343 436 410 confirmasse
466 341 547 408 mihi
578 341 689 411 videor
718 341 792 409 iilos
821 343 1000 426 scriptores
1031 342 1180 426 epistulis
1209 344 1397 411 Alexandri

226 448 275 515 uti
304 448 450 530 potuisse
484 466 605 530 easque
643 451 819 516 memoriae
848 450 1050 534 prodidisse,
1086 451 1310 531 quaerendum
1342 460 1396 517 est

225 554 374 635 quisnam
398 552 538 634 scriptor
553 571 813 636 unamquamque
837 554 1008 637 epistulam
1026 557 1166 637 posteris
1190 555 1394 639 prodiderit3

225 657 371 738 quamsi
400 660 498 724 certis
530 659 728 726 testimoniis
752 661 882 741 assequi
912 680 975 726 non
1005 659 1193 744 poterimus,
1225 661 1306 728 satis
1330 662 1395 728 erit

225 766 384 847 probasse
406 764 580 846 epistulam
610 785 652 832 ex
674 765 758 832 libro
782 784 891 832 rerum
923 766 1093 849 scriptoris
1117 785 1182 832 non
1206 786 1247 833 ex
1272 767 1395 850 epistu-

222 871 328 936 larum
352 889 486 952 oorpore
511 872 734 954 depromptam
759 889 840 953 esse,
865 873 951 952 quod
973 870 1127 940 veritatis
1150 873 1312 955 epistulae
1337 872 1394 938 iir-

224 995 309 1042 mum
340 982 393 1043 est
416 985 663 1060 argumentum:
693 995 785 1063 nam,
817 984 854 1044 ut
881 977 1020 1063 supra1)
1052 977 1130 1061 dixi,
1163 978 1293 1046 etiamsi
1320 979 1394 1059 quis

223 1084 362 1164 scriptor
385 1101 494 1150 rerum
517 1082 700 1147 Alexandri
716 1085 859 1167 ejusdem
883 1084 1003 1150 aetatis
1026 1084 1124 1150 fictas
1140 1103 1194 1150 res
1217 1086 1394 1150 memoriae

224 1187 369 1270 prodidit
395 1188 530 1269 ipseque
552 1188 616 1254 fide
640 1186 758 1270 diguus
783 1207 847 1255 non
872 1200 933 1274 est,
957 1197 1068 1256 tamen
1092 1189 1244 1272 epistulis
1267 1189 1393 1257 veritas

222 1312 287 1359 non
311 1299 363 1360 est
386 1295 589 1375 abroganda.
637 1295 752 1375 ltaque
776 1311 870 1378 nune,
895 1294 924 1361 si
946 1295 1036 1376 prius
1051 1295 1198 1365 virorum
1222 1297 1393 1362 doctorum

219 1397 354 1484 judicia,
380 1417 464 1480 qnae
487 1400 527 1464 de
550 1399 591 1465 iis
614 1398 774 1482 iecerunt,
799 1399 833 1465 in
857 1400 962 1466 medio
986 1419 1134 1484 posuero,
1160 1403 1249 1483 ipsas
1273 1401 1393 1483 epistu-

222 1503 273 1568 las
297 1522 458 1587 exponere
481 1505 657 1588 aggredior
678 1523 839 1586 verasque
863 1507 1006 1572 oonabor
1033 1526 1054 1572 a
1084 1506 1267 1575 subdititiis
1291 1505 1393 1573 inter-

222 1628 368 1676 noseere.

293 1786 314 1852 ยน)
334 1803 360 1854 p.
381 1788 414 1842 15
434 1801 472 1855 sq.
