3008 4614
831 175 873 244 78

267 381 323 438 tur
347 373 570 440 Alexandrum
588 371 731 440 voluisse
748 380 805 438 aut
818 371 956 455 jhssisse
970 390 1005 438 se
1029 371 1052 438 J
1054 372 1125 439 ovis
1140 371 1241 440 hlium
1267 373 1424 458 appellari.
1483 371 1487 454 ’ξ

267 481 318 546 Ea
341 486 451 546 autem
476 496 561 559 quae
585 479 660 544 aliis
684 477 765 544 locis
788 479 952 562 leguntur,
976 497 1041 546 nou
1065 486 1150 564 sunt,
1175 481 1239 546 nisi
1261 479 1380 562 judicia
1398 488 1427 546 et
1486 465 1487 542 ἶ

267 585 474 651 narrationes
497 585 704 668 scriptorum,
730 585 784 667 qui
808 585 965 666 quidquid
995 586 1036 652 de
1059 586 1243 654 Alexandri
1271 605 1426 654 cousecra-

267 690 355 756 tione
378 691 477 772 vulgo
501 688 680 772 ferebatur,
716 691 869 756 lubenter
894 702 1181 774 exaggeraverunt
1204 693 1300 775 eique
1322 713 1426 778 oppm·
1486 763 1488 770 ,

267 795 338 861 bric
360 803 542 881 verterunt,
566 797 658 866 velut
679 795 875 883 Aelianus,¹)
899 803 933 862 et
947 796 1142 883 Julianus,²)
1166 801 1222 880 qui
1245 801 1358 868 eadem
1369 814 1426 867 ma-
1487 799 1488 850 ἲ

269 902 333 986 dit,
358 909 458 982 atque
481 901 631 968 Justiuus
653 901 733 979 XII,
760 901 827 985 7,.2,
852 903 912 968 sed
936 921 1020 983 quae
1044 903 1139 987 dicit,
1172 906 1272 972 certis
1294 905 1428 974 testimo·

267 1007 331 1075 niis
355 1027 418 1074 non
443 1007 694 1074 confirmantur:
717 1026 822 1088 neque
846 1007 933 1073 euim
955 1009 1115 1074 tradItum
1139 1019 1191 1077 est
1214 1012 1426 1078 Alexandrum

268 1116 432 1198 principes
466 1116 680 1182 Macedonum
714 1122 889 1197 propterea
923 1115 1143 1202 interfecisse,
1177 1121 1265 1198 quod
1299 1136 1339 1186 ue
1365 1135 1425 1184 eum

268 1223 485 1290 adularentur
508 1222 561 1288 vel
593 1229 631 1288 ut
660 1223 756 1288 deum
787 1235 1028 1290 venerarentur
1056 1230 1261 1291 recusarent.
1309 1224 1427 1291 Ourtius

269 1347 396 1410 quoque
420 1328 491 1413 (IV,
517 1327 592 1407 VII,
619 1328 686 1413 32.)
713 1327 805 1395 dicit:
827 1329 930 1395 ‘Joois
947 1333 1048 1415 tpitar
1069 1331 1175 1414 (iliam
1198 1353 1231 1397 se
1252 1353 1317 1398 ama
1337 1333 1429 1398 mlum
1487 1409 1488 1420 ἵ

268 1437 425 1518 appellari
441 1457 562 1518 passus
585 1443 638 1518 eat,
664 1437 720 1501 aad
743 1439 839 1502 ettam
856 1438 967 1518 jassa't’
997 1455 1200 1518 ,quamquam
1231 1438 1344 1504 eodem
1366 1437 1428 1502 loco
1487 1475 1488 1520 γ

269 1542 350 1607 dicit
372 1543 597 1608 Alexandrum
621 1553 699 1608 tuuc
729 1543 929 1623 quaesivisse
957 1560 1032 1608 num
1065 1562 1178 1610 omnes
1211 1544 1357 1627 parentis
1385 1540 1428 1607 sui
1487 1557 1488 1600 3

268 1650 501 1715 interfectores
524 1666 647 1730 poenas
671 1649 849 1727 dedissent,
876 1649 959 1714 uude
982 1649 1192 1732 perspicuum
1223 1658 1275 1715 est
1297 1650 1429 1716 Alexan·
1487 1647 1488 1668 ³

269 1755 360 1820 drum
385 1754 442 1821 illc
467 1754 596 1836 quidem
612 1761 758 1836 tempore
781 1772 816 1818 se
839 1753 935 1822 Iovis
958 1754 1061 1821 filium
1089 1773 1162 1820 esse
1185 1757 1429 1837 haudquaquam

269 1861 458 1932 credidisse.
516 1862 625 1942 Atque
651 1861 750 1928 etiam
784 1859 852 1942 illa,
889 1880 972 1942 quae
1002 1864 1090 1944 apud
1126 1863 1323 1928 Strabonem
1345 1859 1429 1942 XVI,

270 1967 388 2052 741,st
413 1970 653 2049 Arriauumque
676 1967 753 2046 VII,
779 1965 854 2051 20,1
879 1968 1044 2052 leguntur,
1080 1988 1100 2034 a
1124 1969 1282 2050 scriptore
1303 1968 1366 2034 fide
1389 1966 1430 2030 iu·

269 2073 368 2156 digno
394 2073 519 2140 tradita
542 2092 623 2156 esse,
652 2073 723 2155 ipse
748 2074 909 2139 Arrianus
934 2075 1038 2158 docet,
1064 2074 1119 2155 qui
1142 2076 1182 2140 de
1198 2073 1239 2140 iis
1263 2074 1342 2140 dicit
1355 2070 1431 2152 aaa

269 2180 299 2239 ot
321 2183 443 2259 κατέχεις
467 2197 571 2260 neque
595 2178 678 2247 enim
703 2178 858 2246 credibile
875 2185 925 2247 est
943 2179 1166 2244 Alexandrum
1183 2187 1294 2246 tantos
1309 2180 1430 2246 labores
1487 2193 1488 2262 q

269 2283 416 2366 subiisse,
447 2291 484 2350 ut
505 2286 548 2350 ab
574 2285 736 2352 Arabibus
767 2287 847 2352 duos
883 2286 962 2352 deos
1002 2285 1181 2352 colentibus
1215 2285 1287 2368 ipse
1320 2287 1429 2352 tertius

269 2391 461 2476 haberetur3
487 2399 544 2459 aut
559 2393 751 2459 Hammonis
767 2393 920 2473 templum
938 2391 1069 2474 adiisse,
1089 2398 1127 2457 ut
1141 2392 1203 2457 deo
1220 2389 1350 2473 genitus
1365 2407 1430 2455 esse
1486 2413 1487 2482 q

269 2499 467 2582 crederetur,
492 2504 530 2566 ut
545 2499 593 2566 ait
607 2499 759 2567 ,lustinus
781 2499 840 2581 XI,
866 2498 941 2582 11,2
964 2515 1032 2579 sqq.
1049 2498 1179 2565 Ourtius
1202 2499 1260 2580 IV,
1285 2497 1359 2576 VII,
1382 2493 1430 2572 29,
1486 2491 1487 2566 l

267 2603 430 2671 Arrianus
452 2605 512 2685 ΠΙ,
538 2606 601 2690 3,2.
648 2607 708 2684 Ea,
742 2623 825 2686 quae
850 2605 891 2670 de
920 2603 1112 2688 Olympiade
1136 2603 1318 2671 Alexandri
1346 2600 1429 2670 vaui·
1486 2569 1487 2626 ¹

267 2716 370 2776 tatem
396 2717 553 2793 arguente
576 2714 662 2794 apud
686 2711 858 2778 Aelianum
883 2711 924 2776 V.
948 2714 990 2778 Η.
1015 2711 1114 2794 XIII,
1145 2709 1190 2776 30
1212 2711 1373 2790 leguntur,
1400 2716 1431 2772 et

268 2817 411 2900 ejusdem
442 2820 530 2901 apud
553 2819 764 2884 Plutarchum
791 2821 850 2883 vit.
900 2819 989 2884 Alex.
1014 2820 1067 2884 III
1090 2819 1205 2884 verba:
1232 2817 1276 2879 Ob
1297 2815 1433 2876 παύσεταί

267 2947 303 3000 με
327 2921 486 3004 διαβάλλων
510 2924 699 3004 Ἀλέξανδρος
722 2922 794 3002 πρὸς
816 2922 867 3003 τὴν
884 2921 993 3007 Ἥρανς
1027 2941 1113 3004 quae
1148 2923 1247 2989 etiam
1270 2923 1353 3005 apud
1374 2923 1430 2987 ΖΟ·

268 3047 382 3094 naram
407 3029 466 3112 IV,
492 3028 535 3096 10
557 3031 719 3113 leguntur,
749 3029 826 3095 ficta
856 3049 926 3096 esse
952 3031 1004 3096 vel
1034 3031 1110 3094 iude
1143 3029 1286 3112 perspici
1319 3032 1431 3110 potest,

270 3136 451 3214 quodcum
485 3137 527 3202 ils
560 3134 760 3218 discrepant,
790 3137 941 3218 quaeda
973 3133 1168 3217 Olympiade
1199 3133 1433 3201 Eratosthenes

269 3242 356 3321 apud
381 3241 595 3308 Plutarchum
620 3241 710 3326 (ibid.
735 3243 801 3328 lIl)
825 3247 978 3324 testatur,
1011 3239 1074 3306 uisi
1097 3240 1184 3306 ferte
1207 3240 1289 3306 haec
1312 3255 1430 3321 quoque

269 3346 348 3411 ficta
371 3356 456 3413 suut.
481 3348 661 3414 Praeterea
686 3348 813 3414 Gellius
836 3348 887 3434 (N.
913 3354 952 3413 A.
978 3346 1074 3425 XIII,
1099 3347 1168 3430 4‚2)
1215 3347 1429 3428 Olympiadem

269 3452 327 3518 illa
343 3457 447 3520 verba
469 3473 533 3520 nou
558 3454 689 3531 dixisse,
719 3455 777 3520 sed
806 3457 848 3519 ad
879 3454 986 3536 ipsum
1018 3453 1242 3519 Alexandrum
1267 3451 1429 3536 scripsisse

270 3560 383 3626 tradit.
431 3561 523 3627 Haec
558 3558 764 3642 Olympiadis
804 3562 906 3627 verba
944 3563 978 3626 in
1020 3559 1150 3626 illorum
1192 3561 1429 3642 proverbiorum

270 3685 389 3749 genere
405 3674 489 3744 suut,
515 3685 599 3747 quae
615 3668 702 3748 apud
719 3666 892 3733 Aelianum
909 3665 962 3752 (V.
979 3667 1021 3748 H,
1046 3667 1091 3749 II,
1110 3663 1167 3751 19)
1212 3665 1427 3730 Plutarchum·
1485 3715 1486 3756 3

270 3791 333 3854 que
357 3774 497 3856 (Apoph.
524 3774 642 3839 Lacon.
670 3771 769 3859 ater)
798 3775 967 3856 leguntur:
1002 3790 1108 3853 neque
1143 3771 1227 3837 enim
1251 3769 1428 3836 Alexander

271 3882 313 3946 ad
336 3879 626 3963 Lacedaemonios,
663 3880 719 3961 qui
742 3899 813 3946 eum
836 3899 878 3946 ne
914 3881 1028 3946 ducem
1052 3878 1178 3960 quidem
1214 3877 1293 3943 belli
1324 3881 1429 3942 contra
1485 3865 1486 3892 ¹

362 4127 383 4192 ¹)
401 4126 434 4179 V.
453 4126 487 4182 II.
506 4125 541 4193 II,
563 4125 609 4191 193
628 4125 693 4190 XII,
712 4127 760 4195 64;
778 4127 859 4193 XIII,
878 4126 921 4178 30.

362 4213 498 4283 ²)Juhan.
526 4217 591 4268 orat.
617 4214 638 4281 l,
661 4214 736 4279 46⁸3
766 4213 886 4266 conferas
914 4213 972 4280 ejus
1000 4213 1080 4266 etiam
1107 4214 1253 4263 Convivam
1278 4209 1354 4265 330³
1379 4223 1428 4276 sqq.
