3016 4612
808 149 850 216 54

244 354 320 414 rent
328 345 363 434 1),
396 345 601 430 perspicuum
626 350 678 412 est
707 345 880 428 epistulam
908 365 929 411 a
956 365 1066 414 rerum
1104 345 1266 429 scriptore
1295 344 1412 428 prioris

245 454 364 520 aetatis
392 453 568 519 memoriae
598 452 761 534 proditam
790 471 870 532 esse,
902 452 938 518 id
961 455 1048 534 quod
1075 451 1229 521 veritatIs
1253 450 1413 534 epistulae

244 559 372 628 firmum
396 566 448 625 est
469 558 701 624 testimonium.
747 559 897 624 Eandem
921 557 987 626 vim
1011 560 1134 625 babent
1158 559 1276 628 verba:
1308 557 1359 618 ιιιίιι
1383 551 1413 635 ἧι

244 662 369 747 χαλεπὸν
391 671 577 745 προαχθῆναι
606 662 640 725 ab
663 665 788 743 πλῆθος,
820 681 904 745 quae
936 683 1008 730 cum
1040 665 1198 730 memoria
1220 671 1412 746 congruunt,

244 789 316 836 cum
343 770 406 836 hoc
436 772 550 847 πλῆθος
581 788 644 835 non
674 768 763 836 aliud
793 768 902 852 fuerit,
936 769 1000 836 nisi
1030 769 1159 852 milites,
1192 787 1272 850 quos
1301 768 1412 834 Curtio

244 876 317 960 (VI,
340 876 399 959 lv,
426 875 480 961 10)
505 884 538 941 et
562 875 704 942 Arriano
721 875 795 960 (Ill,
821 874 873 958 23,
899 875 932 963 2)
956 875 1095 942 testibus
1111 875 1269 942 Craterus
1294 875 1414 958 Erigy-

242 981 358 1064 iusque
382 983 554 1056 ducebant,
584 987 618 1047 et
646 982 767 1049 verba:
791 981 962 1059 Διξοιμένοον
984 985 1014 1042 ol
1038 981 1147 1044 τούτων
1169 979 1220 1060 τὴν
1242 995 1349 1061 πεῖραν
1371 1020 1414 1028 -

244 1086 475 1170 ἐπηκολούθησε,
509 1106 594 1168 quae
628 1086 807 1154 orationem
835 1089 870 1153 in
894 1086 1064 1171 Hyrcania
1095 1086 1241 1154 habitam
1264 1107 1338 1156 esse
1362 1089 1415 1154 de

243 1201 437 1273 monstrant,
460 1193 516 1260 ubi
532 1192 672 1258 Armeno
697 1192 774 1278 (ΙΙΙ,
799 1192 851 1274 23,
877 1191 909 1280 6)
933 1199 1019 1260 teste
1035 1194 1225 1261 Alexander
1244 1197 1312 1278 jam
1330 1202 1413 1272 eret,

244 1319 318 1368 cum
341 1301 493 1367 craterus
524 1307 557 1366 et
579 1299 736 1384 Erigyius
765 1302 808 1366 ad
842 1319 917 1366 eum
947 1309 1120 1368 venerunt.
1166 1303 1250 1367 Nam
1282 1301 1310 1368 si
1334 1302 1415 1367 haeo

243 1409 347 1476 verba
362 1407 491 1474 auctori
506 1407 678 1473 Plutarchi
702 1407 872 1488 debentur,
898 1408 1050 1488 quonlam
1066 1426 1139 1474 eum
1163 1408 1305 1489 epistula
1322 1413 1414 1474 arcte

244 1513 435 1596 cohaerent,
467 1518 562 1596 patet
597 1531 669 1577 eam
704 1533 724 1578 a
757 1513 927 1580 Plutarchi
961 1520 1097 1580 auctore
1131 1513 1308 1580 memoriae
1343 1533 1413 1596 pro·

245 1619 344 1686 ditem
368 1637 449 1702 esse,
483 1637 547 1700 qua
576 1637 622 1701 re,
656 1631 693 1685 ut
719 1620 813 1684 modo
843 1621 919 1702 dixi,
952 1621 1078 1687 veritas
1106 1620 1266 1702 epistulae
1300 1623 1415 1689 confir·

244 1738 370 1808 matur3
394 1726 446 1792 sin
469 1732 578 1792 autem
595 1745 636 1791 ex
661 1724 801 1808 epistula
824 1726 945 1792 hausta
968 1734 1053 1806 sunt,
1084 1728 1236 1808 quoniam
1259 1725 1414 1794 falsarius

244 1852 305 1899 neo
328 1840 396 1900 tam
420 1851 500 1901 vere
523 1851 584 1899 nec
607 1839 675 1898 tam
706 1841 860 1899 accurate
884 1832 1029 1898 scribere
1052 1840 1193 1916 poteret,
1218 1835 1415 1916 praesertim
1488 1814 1492 1833 ⁸

199 1989 202 1998 ι
244 1958 317 2006 oum
340 1939 493 2006 memoria
517 1941 557 2004 de
580 1937 764 2021 thusmodi
779 1941 876 2005 rebus
901 1957 965 2004 non
988 1938 1087 2006 facile
1103 1940 1265 2021 explorari
1290 1949 1414 2024 posset,
1490 2003 1491 2008 ,

243 2065 309 2112 nou
335 2044 442 2111 minus
476 2052 570 2126 patet
602 2044 776 2126 epistulam
810 2063 922 2114 veram
954 2063 1037 2112 esse.
1092 2048 1184 2112 Haeo
1220 2049 1259 2113 de
1288 2047 1413 2128 verbis,

244 2169 325 2232 quae
350 2169 391 2216 ex
414 2151 554 2232 epistula
578 2151 769 2233 deprompta
785 2170 828 2217 an
853 2155 893 2218 ab
919 2159 1053 2218 auctore
1070 2153 1242 2220 Plutarchi
1265 2154 1413 2235 profecta
1490 2193 1492 2240 3

244 2259 311 2323 sint
334 2256 466 2322 dubium
489 2262 549 2323 est.
597 2259 719 2324 Eorum
736 2263 855 2341 autem,
881 2278 965 2342 quae
981 2261 1171 2327 Alexander
1194 2281 1229 2328 se
1245 2259 1415 2326 conciona-

245 2367 314 2428 tum
345 2381 417 2429 esse
440 2363 566 2443 scribit,
603 2363 669 2430 alia
697 2371 730 2429 et
761 2366 803 2432 ad
827 2366 1010 2448 Hyphasim
1041 2367 1106 2434 dici
1135 2374 1289 2449 poterant
1323 2374 1358 2433 et
1382 2371 1415 2433 in
1492 2391 1493 2452 3

246 2468 429 2552 Hyrcania3
453 2469 521 2535 alia
544 2471 587 2536 ad
602 2471 785 2553 Hyphasim
810 2471 876 2538 dici
898 2492 962 2540 non
986 2480 1156 2556 poterant:
1180 2475 1273 2542 velut
1294 2478 1414 2542 verba:

246 2577 363 2638 ἀπιέναι
394 2574 460 2648 τοὺς
489 2580 677 2658 βουλομένους
716 2585 803 2656 ἐφῆκε
841 2579 1060 2662 μαρτυράμενος
1105 2617 1141 2628 --
1181 2577 1223 2642 ὅτι
1262 2584 1414 2661 ἐγκαταλέ-

242 2686 365 2765 ιιιιιιαι,
397 2702 480 2763 quae
503 2703 567 2750 non
601 2683 790 2768 discrepant
814 2688 930 2763 abiis,
962 2707 1044 2768 quae
1067 2688 1256 2754 Alexander
1278 2689 1322 2753 ad
1345 2687 1413 2771 Hy·
1491 2697 1492 2700 ’

242 2789 369 2873 phasim
383 2791 591 2861 concionatus
604 2809 676 2857 esse
689 2791 794 2858 fertur
803 2793 842 2876 2),
860 2799 1013 2874 poterant
1030 2794 1161 2874 quidem
1177 2797 1220 2859 ad
1232 2794 1414 2878 Hyphasim

244 2895 317 2974 diei,
343 2897 400 2961 sed
429 2895 580 2976 quidest
611 2915 668 2962 our
692 2917 765 2964 eum
794 2899 828 2964 iu
853 2900 1024 2982 Hyrcania
1054 2901 1142 2982 opud
1165 2899 1286 2966 milites
1310 2901 1413 2966 tantis

242 3002 410 3068 laboribus
445 3001 602 3086 fatigatos
612 3004 638 3090 ³)
672 3004 863 3086 reliquaque
900 3007 978 3072 belli
1008 3006 1154 3089 pericula
1189 3008 1297 3073 subIre
1338 3027 1412 3074 cun-

244 3114 371 3175 stantes
379 3109 408 3194 ⁴)
441 3128 481 3175 ne
506 3111 713 3177 desereretur
737 3114 851 3178 eadem
877 3113 997 3180 dixisse
1020 3132 1186 3196 negemus,
1218 3115 1412 3196 praesertim

333 3250 355 3318 ¹)
374 3249 457 3303 lllitor
474 3249 613 3304 Kaestiuum
634 3251 739 3321 (Philol.
757 3253 801 3321 LI,
821 3269 845 3321 p.
865 3251 928 3322 608)
947 3255 1040 3322 putare
1059 3254 1204 3309 Alexandri
1228 3255 1328 3308 dictum
1352 3271 1411 3308 nar·

247 3337 340 3391 rationi
357 3338 437 3392 lusori
454 3354 508 3392 non
527 3355 613 3409 posse.

332 3425 353 3492 ¹)
373 3426 476 3482 Arrium.
487 3428 520 3496 V,
531 3431 574 3496 28,
589 3430 613 3484 2,
634 3426 710 3483 aiolo
727 3427 776 3496 μὲν
795 3429 860 3480 ἰέναι
880 3427 929 3497 ἔφη
948 3429 994 3482 τοῦ
1010 3428 1106 3500 πρόσω,
1125 3429 1252 3498 βιάσαθοιι
1271 3429 1300 3484 δὲ
1317 3429 1412 3486 οὐδένα

243 3509 342 3564 ἄκοντα
360 3511 523 3568 Μακεδόνων
541 3516 700 3578 ξυνέπεσθαι
718 3547 752 3556 -
772 3548 804 3558 --
824 3549 858 3556 -
877 3519 932 3573 τοῖς
951 3515 1042 3572 δὲκαὶ
1061 3517 1166 3572 ἆσιιέναι
1178 3517 1266 3574 οἴκαδε
1275 3518 1411 3574 ἐθέλουσιν

240 3599 371 3671 υπάρχειν
390 3601 494 3654 ἀπιέναι
519 3608 564 3655 καὶ
589 3603 749 3673 ἐξαγγέλλειν
759 3605 813 3661 τοῖς
832 3600 935 3661 οἰκείοις
952 3601 992 3658 ὅτι
1004 3607 1050 3660 τὸν
1062 3608 1172 3677 βασιλέα
1185 3610 1258 3678 σφῶν
1274 3609 1305 3662 ἒν
1323 3613 1411 3678 μέσοις

241 3689 296 3744 τοῖς
315 3689 449 3758 πολεμίοις
468 3689 648 3754 ἐπανήκουσιν
675 3691 854 3750 ἀπολιπόντες.
892 3695 998 3750 Curuus
1026 3713 1130 3768 quoque
1156 3698 1206 3754 IX.
1234 3699 1267 3767 Π,
1289 3701 1322 3755 11
1350 3699 1411 3754 facit

243 3778 423 3834 Alexandrum
437 3781 568 3836 dicentem
578 3785 705 3843 ‘desertus
725 3787 860 3835 destitutus
873 3804 941 3848 sum,
960 3789 1069 3837 hostibus
1078 3790 1175 3839 deditum
1188 3829 1194 3842 .
1206 3829 1212 3841 .
1224 3828 1230 3841 .
1243 3824 1249 3839 .
1264 3791 1300 3838 Ite
1313 3791 1410 3840 reduces

242 3869 338 3919 domos!
356 3873 389 3920 itt
406 3872 501 3921 deserto
518 3889 575 3938 rege
594 3881 694 3924 ovantes
700 3870 718 3922 Γ

333 3956 354 4023 ⁸)
373 3957 531 4014 Mmedonas
551 3975 668 4014 summos
686 3961 790 4017 labores
808 3963 907 4018 subiise
926 3980 987 4017 cum
1004 3965 1121 4019 Dareum
1136 3969 1304 4034 Bessumque
1322 3981 1410 4034 perse·

243 4046 395 4113 querentur,
414 4049 487 4113 patet
505 4063 540 4100 ex
557 4046 628 4102 Plut.
647 4048 694 4104 vih
713 4049 791 4103 Alex.
816 4050 902 4120 XLII,
927 4055 1033 4122 XLIII;
1053 4052 1136 4108 Strab.
1157 4056 1214 4115 XV,
1234 4053 1295 4120 724,
1315 4055 1349 4110 10
1372 4069 1409 4122 sq.

241 4131 344 4186 Aeliam.
363 4132 395 4188 V.
410 4133 445 4186 H.
464 4136 527 4202 XII,
546 4135 594 4196 37;
613 4136 716 4189 Arriam.
731 4137 779 4199 III,
799 4139 833 4193 20
847 4153 886 4207 sq.
900 4143 927 4192 et
939 4156 961 4192 c.
978 4140 1011 4194 23
1024 4155 1080 4210 sqq.
1096 4140 1168 4197 Ourt.
1182 4141 1215 4209 V,
1235 4140 1313 4194 XIIL
1327 4139 1409 4212 dbsq.

331 4219 352 4288 ⁴)
372 4219 410 4273 Ol.
431 4219 504 4274 Ourt.
523 4221 571 4290 VI,
590 4222 626 4291 lI,
646 4225 674 4292 63
690 4223 794 4279 Diodor.
814 4229 902 4294 XVII,
923 4229 964 4292 74,
983 4229 1008 4282 3.
