3008 4614
802 120 866 189 116

343 318 453 403 Locis,
477 337 557 400 quos
581 317 724 402 laudavi,
748 337 800 386 res
823 320 873 386 ita
895 323 947 384 est
963 317 1121 404 exposita,
1146 322 1181 383 ut
1203 336 1298 400 reges
1321 336 1414 382 unam

256 427 327 497 sive
350 426 524 510 epistulam
561 427 631 493 sive
660 425 857 507 legationem
893 427 981 491 inter
1015 442 1050 492 se
1085 425 1211 492 misisse
1234 424 1415 491 rideantur.

257 535 322 602 Sed
359 552 421 615 quo
444 538 591 615 tempore
626 532 688 597 bae
717 530 878 615 epistulae
913 537 972 607 aut
999 531 1181 613 legationes
1215 531 1333 596 missae
1354 530 1419 595 sint

255 657 359 721 neque
392 637 590 705 Themistius
628 656 733 720 neque
763 637 883 704 Snidas
914 656 1018 719 neque
1052 639 1196 704 Zonaras
1226 637 1417 717 ostendunt3

256 767 295 814 ac
330 765 372 812 ne
407 745 603 812 Plutarchus
639 743 769 824 quidem
804 747 902 829 plane
936 742 1024 828 dicit,
1060 745 1117 811 sad
1154 763 1195 818 ex
1223 743 1333 812 verbis
1362 742 1417 809 vit.

256 854 350 920 Alex,
375 852 476 920 XXX
498 849 570 934 ταχὺ
591 857 688 931 μέντοι
718 849 899 931 μετεμελήθη
920 861 971 926 τῆς
992 854 1119 933 Δαρείου
1147 846 1279 932 γυναικὸς
1301 849 1418 913 ἀποθα-

253 961 355 1044 νούσης
377 967 406 1022 ἐν
428 960 509 1023 ὠδῖσι
539 966 574 1027 ei
597 958 672 1026 ibid.
699 957 817 1026 XXXI
835 957 1023 1039 Ἀλέξανδρος
1045 959 1075 1020 δὲ
1098 954 1148 1036 τὴν
1171 953 1250 1029 ἐντὸς
1266 956 1421 1038 Εὐφράτου

255 1078 358 1129 πᾶσαν
380 1066 429 1147 ὑφ’
465 1065 555 1144 ἑαυτῷ
575 1064 770 1145 ποιησάμενος
806 1061 923 1144 dicerer
947 1067 994 1125 ἐπὶ
1017 1068 1141 1144 Δαρεῖον
1170 1063 1313 1147 intelligi
1343 1063 1421 1130 licei

255 1174 413 1256 epistulas
436 1175 552 1240 missas
577 1191 648 1238 esse
672 1178 746 1254 post
769 1176 905 1238 mortem
929 1170 1039 1237 uxoris
1055 1171 1165 1252 Darei,
1189 1190 1251 1251 qno
1273 1177 1421 1252 tempore

254 1280 325 1364 jam
347 1281 537 1348 Alexander
560 1279 716 1348 adversus
740 1279 882 1344 Dareum
906 1279 1133 1344 contendebat.
1178 1275 1342 1343 Diodorus
1366 1295 1423 1342 eas

257 1389 352 1453 datas
376 1404 447 1454 esse
465 1384 545 1450 dicit
567 1397 642 1468 post
657 1402 798 1466 pugnam
824 1385 866 1449 ad
880 1383 995 1449 Issum.
1042 1381 1188 1465 Scriptor
1203 1391 1312 1448 autern
1335 1382 1421 1465 libri,

259 1491 314 1574 qui
337 1501 389 1560 est
410 1491 586 1576 inscriptus
612 1493 820 1558 Itinerariam
835 1491 1013 1557 Alexandri
1035 1493 1078 1556 ad
1103 1490 1323 1557 Constantiam
1341 1490 1421 1557 Goa-

257 1603 394 1667 stantiai
410 1600 459 1664 M.
475 1601 588 1684 fitium,
606 1619 623 1665 c
649 1597 802 1665 XXXIX
819 1617 866 1680 sq.
884 1596 1043 1680 epistulas
1055 1598 1191 1679 profert,
1209 1611 1292 1678 quae
1308 1596 1424 1663 eodem

257 1709 417 1789 scriptore
440 1713 524 1772 teste
542 1705 582 1792 (c.
599 1704 799 1790 XXXVIII)
816 1705 914 1771 datae
937 1693 1012 1770 sunt
1034 1711 1205 1786 postquam
1228 1703 1357 1769 Dareus
1381 1704 1425 1768 ad

254 1813 456 1898 Euphratem
473 1811 628 1898 profugit,
652 1812 842 1878 Alexander
856 1812 991 1878 Araden
1013 1809 1109 1893 cepit.
1148 1812 1240 1877 Idem
1257 1829 1282 1875 c.
1305 1809 1424 1876 XLIH

256 1940 303 2001 sq.
328 1920 432 1986 tradit
454 1921 598 1986 Dareum
621 1918 817 2001 legationem
843 1917 968 1983 misisse
992 1936 1063 1984 cum
1086 1916 1276 1983 Alexander
1299 1919 1424 1999 uyrum

255 2030 466 2112 oppugnaret.
513 2025 681 2108 Copiosius
705 2024 842 2106 exponit
864 2043 934 2091 rem
950 2023 1101 2091 Justinus
1126 2023 1185 2102 XI,
1211 2021 1262 2088 12.

414 2132 542 2198 Dareus
581 2151 654 2197 curn
691 2130 905 2213 Babyloniam
943 2129 1160 2215 perfugisset,
1199 2148 1259 2211 per
1302 2128 1426 2211 epistu-

415 2238 467 2303 las
498 2238 720 2304 Alexandrum
755 2243 908 2318 precatur
937 2237 1200 2302 redimeudarum
1231 2234 1293 2302 sibi
1321 2235 1426 2317 capti-

414 2362 529 2411 varum
562 2349 760 2426 potestatem
794 2341 912 2422 faciat,
942 2343 1040 2424 inque
1070 2361 1142 2409 eam
1172 2361 1240 2408 rem
1271 2361 1427 2425 magnam

415 2449 585 2533 pecuniam
603 2449 783 2532 pollicetur.
831 2450 898 2516 Sed
914 2451 1101 2515 Alexander
1117 2450 1257 2529 pretium
1276 2449 1427 2531 captiva·
1472 2441 1474 2451 '

418 2576 490 2623 rum
521 2574 659 2639 regnum
689 2574 793 2636 omne,
823 2574 887 2622 non
911 2557 1079 2640 pecuniam
1103 2554 1193 2636 petit.
1240 2555 1427 2638 interjecto

414 2671 561 2744 tempore
591 2664 676 2728 abae
708 2663 868 2745 epistulae
892 2663 994 2729 Darei
1017 2664 1204 2729 Alexandro
1228 2663 1426 2747 redduntur,

419 2769 534 2851 quibus
563 2768 651 2835 filias
683 2770 921 2836 matrimonium
953 2777 987 2836 et
1017 2771 1113 2852 regni
1140 2768 1247 2850 portio
1278 2767 1425 2837 offertur.

419 2877 481 2943 Sed
497 2876 687 2942 Alexander
711 2894 770 2942 sua
793 2875 854 2943 sibi
878 2877 950 2942 dari
972 2875 1142 2958 rescripsit
1161 2875 1323 2959 jussitque
1347 2895 1425 2960 snp-

414 2982 531 3066 plicem
565 2981 679 3049 venire
716 2989 749 3049 et
778 2981 873 3064 regni
901 2982 1040 3048 arbitria
1066 2980 1186 3048 victori
1217 2984 1423 3064 permittere.

411 3125 457 3137 -
478 3128 523 3136 -
545 3128 588 3138 -
610 3127 655 3136 —-
678 3088 798 3156 Scribit
821 3089 977 3175 (Dareus)
1007 3088 1120 3170 itaque
1151 3095 1186 3155 et
1211 3087 1332 3155 tertias
1354 3090 1426 3173 epi·

414 3197 517 3262 stulas
530 3203 563 3262 et
578 3195 704 3279 gratias
720 3194 798 3277 agit,
817 3196 904 3276 quod
919 3195 1001 3261 nihil
1016 3196 1048 3260 in
1066 3214 1142 3261 suos
1158 3193 1277 3261 hostile
1292 3194 1424 3264 fecerit.

415 3302 517 3368 Offert
540 3301 659 3368 deinde
681 3308 714 3368 et
729 3302 883 3386 majorem
899 3309 1027 3385 partem
1043 3301 1136 3384 regni
1152 3320 1254 3382 usque
1269 3301 1425 3384 Euphra-

414 3413 480 3474 tem
519 3408 636 3474 flumen
668 3419 701 3474 et
732 3408 868 3476 alteram
896 3406 996 3474 filiam
1028 3426 1173 3488 uxorem,
1201 3427 1259 3490 pro
1287 3408 1424 3490 reliquis

414 3513 553 3595 captivis
581 3513 683 3580 XXX
713 3516 803 3580 milia
826 3514 996 3581 talentum.
1043 3515 1095 3580 Ad
1126 3515 1207 3580 haec
1230 3514 1424 3582 Alexander

414 3621 595 3703 gratiarum
629 3619 792 3686 actionem
828 3623 870 3686 ab
906 3619 1000 3686 hoste
1035 3638 1312 3702 supervacaneam
1347 3641 1422 3690 csse

412 3725 597 3809 respondit;
625 3745 688 3792 nec
717 3743 794 3793 ase
819 3728 989 3808 quicquam
1014 3725 1135 3792 factum
1159 3729 1194 3793 in
1216 3726 1317 3793 hostis
1341 3729 1422 3795 adu-

411 3833 577 3918 lationem,
601 3853 661 3901 nec
684 3834 770 3916 quod
792 3832 826 3898 iu
850 3831 965 3899 dubios
988 3832 1068 3898 belli
1083 3835 1191 3900 exitus
1207 3839 1262 3900 aut
1277 3833 1311 3899 in
1326 3833 1422 3918 leges

394 3991 396 3996 ,
415 3941 506 4024 pacis
530 3941 593 4010 sibi
615 3941 777 4008 lenocinia
792 3946 975 4022 quaereret,
992 3940 1052 4006 sed
1067 3941 1168 4006 animi
1183 3939 1420 4026 magnitudine,

414 4068 478 4131 qua
502 4047 653 4116 didicerit
674 4050 847 4115 adversum
869 4046 959 4116 vires
982 4033 1131 4127 bostium,
1154 4067 1219 4114 non
1242 4048 1420 4116 adversum

413 4155 618 4223 calamitates
654 4155 865 4234 contendera;
900 4153 1139 4236 polliceturque
1173 4159 1418 4236 praestaturum
