3008 4614
713 128 924 232 Q

394 321 473 397 ὅπως
494 347 525 386 τε
549 329 595 387 dul
624 322 675 405 τὴν
699 325 801 388 Ἀσίαν
828 323 1007 405 Ἀλεξάνδρῳ
1040 331 1224 411 διαβαίνοντι,
1256 331 1306 390 καλ
1338 327 1403 409 γρά-

394 447 484 510 ψαντι
516 429 533 509 ἠ’
562 444 693 514 κρατεῖν,
726 430 777 494 ίάν
807 429 904 515 ἄρχειν
934 430 1085 518 διίνωνται,
1120 432 1218 512 ἢτοῖς
1245 438 1405 515 κρείττοσιν
1492 459 1493 488 1

394 541 527 611 ὑπείκειν,
558 543 704 617 στίφανον
731 549 854 621 χρυσοῦν
885 536 945 601 aiud
970 545 1075 602 ἱκανῶν
1096 538 1245 603 ταλάντων
1264 544 1404 619 Ῥωμαῖοι

396 642 571 724 ἐξέπεμψαν.

236 784 427 851 Alexander
449 785 505 852 illo
528 790 685 870 tempore,
710 804 773 868 quo
796 786 910 852 Asiam
934 789 1077 869 petebat,
1108 787 1178 854 sine
1203 786 1299 854 dubio
1325 787 1405 854 satis

236 891 381 958 habebat
404 891 547 960 Graecos
571 897 750 976 gentesque
773 892 928 959 finitimas
951 892 1014 960 sibi
1036 893 1198 962 oboedire.
1242 893 1404 960 Romano-

236 1015 308 1062 rum
343 1000 504 1065 raticnem
532 998 655 1066 hahere
684 1018 748 1066 non
778 1004 922 1082 poterat,
959 998 1078 1081 quippe
1108 999 1165 1080 qui
1193 1004 1271 1066 tunc
1299 1018 1406 1081 neque

237 1103 391 1170 auxilium
425 1104 613 1173 Alexandro
647 1105 735 1172 ferre
769 1124 873 1186 neque
904 1105 1063 1173 Graeciae
1097 1111 1156 1172 aut
1189 1106 1407 1173 Macedoniae

236 1207 405 1276 imminere
428 1217 571 1293 possent.
609 1212 792 1278 Praeterea
807 1212 1004 1278 Plutarchus
1028 1210 1101 1296 (vit.
1117 1212 1217 1278 Phoe.
1235 1213 1336 1297 XXI,
1362 1213 1405 1296 1.)

235 1315 430 1383 Phocionem
452 1318 535 1384 haec
558 1320 660 1385 verba
683 1317 805 1384 dixisse
828 1317 938 1399 tradit,
962 1317 996 1384 J.
1011 1317 1167 1384 'Valerius
1191 1324 1303 1386 antem
1326 1317 1405 1405 (Res

238 1429 353 1502 gestae
376 1423 558 1491 Alexandri
587 1424 775 1492 Macedonis
804 1425 836 1508 I,
869 1420 983 1510 2217)
1015 1441 1055 1490 ee
1078 1424 1304 1492 Alexandrum
1330 1425 1407 1491 Oar-

239 1527 508 1612 thegeniensihus
531 1533 781 1614 respondentem
806 1529 896 1598 facit.

327 1653 509 1721 Alexandri
537 1654 705 1741 epistulas,
737 1673 821 1737 quae
857 1661 952 1722 erant
983 1655 1023 1722 de
1055 1655 1263 1738 Theopompo
1292 1656 1406 1722 exsule

240 1761 445 1828 restituendo
476 1762 519 1828 ad
547 1761 646 1829 Chios
675 1764 788 1847 datae,
817 1760 952 1842 respicit
980 1761 1118 1829 Photiua
1148 1762 1304 1829 Biblioth.
1337 1763 1405 1828 cod.

239 1864 422 1940 CLXXVI,
446 1869 512 1936 vol.
535 1868 588 1934 Ill
611 1889 641 1952 p.
664 1867 739 1936 509.
765 1869 815 1934 ed.
840 1866 962 1950 Migne.

400 2014 504 2092 moysa
526 2012 557 2073 di
580 2009 786 2098 (Θεόπομπον)
810 2013 922 2092 λέγεται
944 2019 993 2090 τῆς
1016 2015 1155 2091 πατρίδος
1178 2008 1239 2088 ἅμα
1254 2021 1295 2088 τῷ
1307 2014 1405 2090 πατρί,

398 2120 445 2177 ἐπὶ
461 2123 647 2196 Λακωνισμῷ
665 2128 716 2180 τοῦ
739 2113 849 2199 πατρὸς
872 2114 1000 2200 ἀλόντος,
1025 2117 1216 2197 ἀνασωθῆναι
1239 2118 1271 2178 δὲ
1293 2127 1331 2197 τῇ
1354 2139 1405 2178 πα-

397 2227 471 2304 τρίδι
492 2220 712 2302 τελευτήσαντος
735 2223 814 2300 αὐτῷ
832 2235 883 2286 τοῦ
905 2221 1026 2305 πατρός,
1050 2220 1101 2302 τὴν
1124 2223 1155 2284 cl
1178 2219 1310 2285 κάθοδον
1328 2222 1405 2285 Ἀλι-

398 2327 521 2406 ξάνδρον
549 2339 601 2391 τοῦ
623 2331 802 2391 Μακεδόνων
828 2331 971 2411 βασιλέως
999 2334 1031 2391 δί
1061 2332 1216 2391 ἐπιστολῶν
1246 2337 1301 2391 τῶν
1335 2325 1408 2406 πρὸς

397 2434 464 2506 τοὺς
485 2439 578 2507 Χίους
607 2435 879 2515 καταπραξαμίνον·
908 2441 975 2498 ίτων
1007 2437 1038 2498 δὲ
1069 2433 1141 2497 εἶναι
1169 2434 1233 2497 τότε
1264 2433 1313 2497 τὸν
1340 2431 1408 2499 Θεό-

397 2564 514 2620 πομπον
537 2542 558 2605 ε’
582 2546 631 2604 καὶ
653 2540 692 2621 μ’.

240 2684 479 2767 Theopompum
533 2686 577 2751 ad
618 2685 840 2752 Alexandrum
886 2684 1044 2768 epistulas
1091 2683 1220 2751 dedisse
1263 2688 1408 2750 testatur

240 2790 429 2857 Athenaeus
446 2787 502 2872 Vl,
528 2787 681 2873 18‚2300;
705 2791 800 2874 XIII,
825 2787 877 2873 67,
903 2786 997 2856 595·.
1022 2790 1172 2858 conferas
1195 2789 1293 2857 etiam
1310 2789 1407 2867 XIII,

241 2893 389 2978 50,586⁰.
426 2902 459 2962 et
495 2897 583 2965 Suid.
618 2917 649 2965 r.
667 2893 808 2981 Ἔφορος,
856 2896 972 2978 quihus
1006 2898 1195 2963 Alexander
1229 2902 1406 2963 commotus

241 3020 312 3067 eum
336 3020 395 3085 per
411 3002 568 3084 epistulas
592 3004 633 3069 ad
650 3003 746 3070 Chios
771 3004 865 3070 datas
880 3003 1052 3070 reduxisse
1068 3003 1207 3072 videtur.
1253 3003 1407 3070 Photium
1495 3051 1496 3060 ι

242 3113 350 3174 autem
372 3128 438 3176 non
469 3109 557 3192 ipsas
582 3109 739 3194 epistulas
774 3108 966 3193 inspexisse,
1000 3111 1056 3175 sed
1081 3129 1121 3176 ea
1151 3111 1294 3194 tradere,
1325 3125 1407 3189 qnae
1495 3201 1496 3208 ρ

241 3214 330 3297 apud
354 3216 546 3298 scriptorem
571 3217 730 3298 quendam
752 3217 890 3298 legerat,
913 3215 947 3281 in
971 3221 1121 3298 promptu
1145 3222 1204 3282 est.

329 3339 515 3424 Hyperides
540 3339 635 3428 (orat.
658 3360 717 3424 pro
741 3341 933 3422 Euxenippo
965 3340 1024 3406 eol.
1049 3336 1090 3405 31
1115 3338 1177 3426 sq.)
1201 3339 1296 3408 dicit:

401 3487 448 3544 δεῖ
466 3487 506 3554 δί,
529 3479 714 3565 ὦβίλτιστε,
748 3480 788 3560 μὴ
817 3485 863 3542 ίπλ
886 3491 926 3559 τῷ
946 3478 1135 3559 Ὀλυμπιάδος
1158 3479 1276 3560 ὀνόματι
1299 3485 1349 3543 καὶ
1370 3489 1408 3556 τῷ
1495 3467 1496 3518 ³

395 3588 581 3670 Ἀλεξάνδρον
602 3599 656 3650 τῶν
679 3589 800 3650 πολιτῶν
821 3610 884 3650 τινα
916 3588 1007 3666 ζητεῖν
1037 3585 1127 3650 κακόν
1153 3610 1181 3649 τι
1209 3585 1404 3669 ἐργάσασθαι,
1495 3649 1496 3656 ,

401 3696 462 3757 ἀλλ’
488 3693 558 3758 ὅταν
580 3700 679 3756 ἐκείνοι
703 3693 777 3775 πρὸς
799 3692 849 3757 τὸν
864 3700 954 3774 δῆμον
968 3691 1017 3756 τὸν
1034 3693 1200 3772 Ἀθηναίων
1219 3695 1404 3755 ίπιστίλλωσι

400 3799 440 3880 μὴ
461 3806 498 3862 τά
521 3805 621 3863 δίκαια
643 3801 712 3879 μηδὲ
744 3799 781 3863 τά
810 3798 1008 3883 προσήκοντα,
1040 3801 1105 3864 τότε
1134 3797 1303 3862 ἀναστάντα
1336 3800 1404 3876 ὑπὲρ
1495 3843 1496 3856 t

401 3919 450 3986 τῆς
478 3908 586 3978 πόλεως
617 3907 768 3989 ἀντιλέγειν
798 3910 846 3968 καὶ
877 3905 951 3989 πρὸς
980 3904 1047 3978 τοὺς
1078 3903 1199 3986 ἣκοντας
1221 3909 1290 3985 παρ’
1317 3906 1404 3968 αὐτῶν

401 4016 658 4096 δικαιολογεῖσθαι.

243 4160 335 4243 Quae
358 4159 461 4227 verba
494 4162 603 4260 utrum
641 4157 681 4222 de
715 4155 834 4241 legatis
869 4157 958 4221 dicta
992 4156 1067 4234 sint,
1107 4174 1150 4221 an
1185 4155 1224 4222 de
1259 4153 1403 4239 epistulis
