3016 4612
676 176 717 244 61

113 373 320 457 significant,
363 374 428 442 nisi
461 375 492 439 id
536 376 622 456 quod
657 373 790 440 Arriani
829 377 931 442 verba
971 371 1046 435 αὐτὰ
1080 379 1172 435 curura
1208 373 1287 453 drot

114 505 169 551 σας
192 483 253 547 κτλ,

205 587 300 654 Haec
324 589 365 653 de
387 588 444 671 iis,
477 607 559 669 quae
583 587 757 654 Kaerstius
782 605 897 670 parum
921 594 1078 654 accurate
1101 588 1188 669 apud
1211 587 1286 652 Plu-

113 694 265 760 tarchum
289 696 438 777 exposita
469 714 540 762 esse
572 694 660 760 dicit.
708 697 801 761 Nunc
832 696 871 759 de
896 712 1048 760 curruum
1080 695 1286 775 equitumque

113 819 249 866 numero
274 801 396 890 dicam,
428 803 467 868 da
501 821 563 882 quo
595 801 733 883 epistula
763 821 828 866 uou
859 801 963 867 solum
993 820 1065 867 cum
1097 801 1285 866 Ptolemaeo

111 907 384 991 Aristobuloqua,
416 910 597 974 sedetiam
623 926 694 974 cum
718 906 837 973 ceterIs
867 905 1082 990 scriptoribus
1107 907 1284 988 discrepat.

111 1015 322 1081 Ptolemaeus
355 1015 439 1080 enim
468 1016 554 1097 apud
586 1014 762 1080 Arriauum
791 1015 845 1100 (V,
874 1013 922 1096 14,
947 1013 968 1079 5
992 1015 1052 1099 sq,)
1081 1013 1186 1080 tradit
1208 1012 1287 1078 Pori

112 1119 217 1185 fibum
250 1139 320 1186 cum
354 1121 388 1186 II
419 1121 549 1188 milibus
583 1122 729 1201 equitum
761 1126 795 1186 et
819 1121 912 1187 CXX
942 1120 1091 1187 curribus
1115 1122 1157 1186 ad
1180 1122 1286 1201 ripam

114 1227 326 1309 adventasse,
352 1233 524 1309 postquam
547 1229 738 1294 Alexander
761 1227 881 1293 flumen
898 1227 1079 1294 transierIt.
1112 1229 1235 1295 Contra
1251 1225 1284 1292 iu

111 1332 259 1415 epistula
281 1335 369 1401 mille
394 1335 521 1416 equites
547 1353 723 1415 currusque
748 1334 811 1400 LX
834 1333 936 1400 fuIsse
961 1333 1154 1420 dicumurl)
1191 1332 1287 1415 Quod

112 1448 224 1506 autem
240 1440 298 1506 illo
315 1448 459 1524 tompore
476 1442 687 1508 Ptolemaeus
704 1460 776 1507 cum
793 1443 982 1508 Alexandro
999 1440 1071 1520 fuit,
1096 1441 1285 1508 Ptolemaeo

113 1546 186 1627 plus
211 1545 299 1630 fidei,
333 1568 428 1629 quam
453 1548 615 1630 epistulae
639 1549 742 1615 babet
765 1547 940 1614 Kaerstius
964 1566 1069 1629 neque
1094 1553 1189 1630 putat
1213 1565 1286 1612 eum

16 1649 18 1740 ἶ
112 1662 231 1719 contra
255 1654 436 1719 Alexandri
459 1653 680 1720 testimonium
705 1653 900 1736 scripturum
925 1653 1037 1736 fuisse,
1062 1655 1089 1719 si
1112 1653 1285 1737 epistulam

16 1759 17 1770 ’
112 1760 270 1827 novisset.
317 1760 364 1826 At
386 1762 609 1826 Ptolemaeum
634 1779 705 1826 cum
729 1760 923 1826 Alexandro
947 1759 1067 1826 flumen
1091 1759 1285 1846 transisset)

15 1951 17 1968 .
113 1865 196 1932 dicit
221 1867 351 1947 quidem
374 1867 537 1933 Arrianus
562 1869 601 1950 V,
632 1865 683 1950 13,
710 1873 739 1946 1,
769 1868 827 1934 sed
857 1874 957 1949 negat
981 1866 1151 1952 Curtiusssl
1176 1866 1284 1953 (VIII,

112 1972 213 2053 XIII,
237 1971 303 2059 46),
333 1974 385 2040 cui
415 1973 443 2039 si
473 1975 554 2040 fides
578 1975 731 2040 habenda
754 1980 817 2057 est,
851 1974 1059 2042 Ptolemaeus
1082 1967 1147 2040 nou
1170 1971 1287 2056 proelii

113 2079 287 2160 equestris,
312 2081 352 2146 de
377 2099 438 2160 quo
461 2079 515 2146 hic
538 2081 655 2161 agitur,
681 2082 739 2147 sed
755 2099 886 2165 pugnae
904 2087 1021 2146 contra
1044 2082 1150 2163 ipsum
1165 2082 1285 2146 Porum

114 2184 227 2252 factae
250 2188 416 2269 particeps
439 2187 547 2273 init.⁴)
583 2187 646 2254 Sed
663 2187 792 2254 etiamsi
807 2187 945 2254 Arriani
968 2187 1155 2254 memoriam
1173 2186 1284 2252 Curtio

114 2291 278 2373 proferas,
303 2299 413 2360 tamen
431 2299 583 2374 quomam
600 2299 679 2375 quot
694 2303 897 2378 pugnassent
914 2293 1151 2363 cecidissentva
1168 2301 1284 2359 exacto

115 2398 275 2465 affirmari
299 2417 433 2467 numero
448 2420 510 2466 uec
534 2402 633 2468 facilc
656 2421 715 2469 uec
731 2419 860 2483 semper
875 2402 1053 2485 poterat,⁵)
1077 2402 1285 2468 Ptolemaeus

13 2523 15 2560 1
86 2541 93 2554 ·
115 2513 208 2571 certe
225 2525 290 2572 nou
308 2513 358 2573 est
380 2510 544 2589 putandus
568 2509 705 2574 hostIum
730 2526 900 2574 numerum
923 2507 1089 2574 subtiliter
1112 2516 1285 2574 exsecutus

116 2631 198 2678 csse.
254 2612 437 2695 Epistulam
468 2623 576 2681 autem
607 2616 634 2681 si
663 2615 720 2682 ille
750 2633 814 2682 nou
843 2614 947 2698 novit,
979 2614 1076 2681 facile
1105 2613 1212 2696 potuit
1242 2614 1283 2679 ab

116 2720 307 2786 Alexandro
321 2719 517 2803 discrepare,
535 2725 585 2788 sin
598 2724 698 2806 novit,
716 2741 868 2788 numeros
884 2725 925 2788 ab
938 2721 1128 2788 Alexandro
1145 2720 1284 2803 scriptos

13 2837 14 2846 ¹
115 2824 188 2892 sive
212 2825 321 2891 studio
346 2826 570 2910 exaggerandi
593 2836 650 2894 aut
682 2829 868 2908 corrigendi
898 2831 969 2897 sive
997 2828 1145 2895 socordia
1176 2827 1285 2910 negle-

13 2967 15 2994 1
115 2934 203 2996 xisse
227 2933 392 3014 putandus
415 2943 480 3000 est:
512 2933 689 3016 scriptores
713 2935 799 3001 enim
825 2936 865 3001 de
894 2936 1008 3001 cadem
1031 2953 1068 3000 rc
1098 2934 1187 3000 haud
1209 2952 1284 3000 raro

116 3056 178 3103 uon
204 3038 307 3104 solum
331 3039 419 3106 inter
441 3059 477 3107 se
501 3041 698 3125 discrepant,
722 3041 896 3109 sedetiam
921 3059 1031 3108 secum
1045 3041 1108 3123 ipsi
1125 3047 1284 3124 puguant.

115 3143 168 3210 Ex
192 3164 231 3211 eo
255 3145 367 3229 igitur,
392 3149 478 3228 quod
494 3148 702 3216 Ptolemaeus
725 3158 840 3215 contra
859 3149 1040 3213 Alexandri
1062 3148 1284 3215 testimonium

114 3253 258 3335 scripsit,
283 3273 347 3320 non
371 3265 422 3320 est
446 3255 661 3337 colligendum
685 3255 854 3337 epistulam
880 3273 951 3322 essa
974 3255 1154 3341 subditam,
1180 3273 1221 3320 ex
1245 3271 1283 3319 eo

115 3432 327 3440 Ἡι-

205 3538 226 3606 1)
245 3538 279 3591 nt
296 3537 433 3590 Kaerstius
452 3535 546 3591 Philol.
563 3537 600 3591 LI
617 3554 642 3606 p.
661 3537 715 3592 610
733 3541 760 3592 et
777 3538 897 3594 Pridicus
916 3539 976 3592 ibid.
996 3555 1020 3607 p.
1041 3539 1092 3596 108
1110 3537 1176 3591 falso
1194 3538 1285 3591 dicunt

116 3626 144 3678 in
163 3625 278 3695 epistula
296 3626 423 3694 scriptum
442 3641 500 3679 esse
519 3625 579 3678 Pori
598 3625 682 3680 filium
701 3642 793 3680 eunus
813 3627 967 3696 equitesque
986 3626 1102 3680 duxissa.

206 3733 226 3802 ¹)
246 3733 367 3801 Droysen
385 3731 465 3787 Alex.
488 3732 586 3801 (Gotha
605 3733 773 3802 187711112.
793 3735 843 3787 131
869 3734 995 3802 Curtium,
1022 3733 1076 3787 sed.
1096 3749 1120 3803 p.
1141 3733 1284 3789 1321111-

117 3838 196 3875 anum
214 3822 344 3890 sequitur,
363 3823 394 3874 ut
411 3837 502 3875 secum
520 3821 578 3891 ipse
596 3839 712 3892 pugnare
730 3824 859 3878 videatur.

204 3927 229 3994 8)
249 3926 355 3981 Orutius
366 3927 441 3996 VIII,
450 3927 529 3996 XIII,
542 3929 577 3985 46
586 3944 640 3981 uon
649 3927 841 3998 Ptolemaeum,
854 3933 884 3983 ut
893 3929 930 3981 ait
939 3927 1086 3996 Kaerstius,
1097 3927 1284 3994 Forsehuugan

118 4031 142 4084 p.
160 4016 204 4085 64,
223 4017 271 4071 scd
291 4017 408 4072 Attalum
427 4033 487 4072 cum
507 4017 613 4072 Cratero
631 4018 775 4074 contundit.
811 4019 852 4074 De
870 4017 959 4073 Attalo
978 4018 1011 4072 cf.
1030 4020 1089 4071 Arr.
1108 4017 1141 4086 V,
1162 4016 1203 4085 12,
1225 4019 1247 4070 1.

205 4125 227 4194 ⁴)
246 4123 285 4179 01.
306 4125 378 4182 Ourt.
397 4125 470 4194 VIII,
489 4125 565 4190 XIV,
584 4126 628 4183 48.

206 4231 229 4301 ⁸)
248 4231 288 4287 CI.
306 4232 423 4302 Thucyd.
442 4233 476 4302 V,
496 4235 539 4291 68.
