3008 4614
632 121 695 188 101

97 319 139 384 De
153 316 244 400 huius
267 316 425 401 epistulae
448 316 513 383 fide
537 319 669 385 dubitat
690 319 841 386 Pridicns
866 318 960 405 (ibid.
984 340 1014 404 p.
1039 318 1096 405 95)
1119 325 1251 402 propte-

97 440 160 507 rea,
192 422 277 503 quod
306 422 365 488 alii
395 423 571 504 scriptores
601 423 695 507 hujus
724 424 773 489 rei
796 425 990 492 mentionem
1019 443 1084 491 non
1111 425 1251 493 fecerint

96 528 291 611 epistulaque
325 535 505 596 memorata
540 533 585 597 sit
616 531 651 595 in
685 529 851 610 oratione,
887 550 983 612 qnam
1018 531 1149 599 Curtius
1178 533 1250 616 ipse
1365 567 1367 574 ν

96 634 227 701 finxerit.
278 633 344 702 Sed
374 652 481 715 neque
508 653 560 702 ras
589 654 648 719 per
671 654 706 702 se
728 635 792 702 fide
817 635 938 719 dignae
961 642 1137 720 propterea
1159 638 1250 705 dubi·

96 741 206 808 tationi
240 741 399 808 obnoxiae
430 748 515 822 sunt,
540 743 625 823 quod
647 760 731 808 nnus
754 744 895 826 scriptor
919 762 1031 810 earnm
1054 744 1250 811 mentionem

95 845 176 928 iacit,
193 867 299 929 neque
311 847 442 914 Curtius
455 850 621 915 orationes
633 848 765 936 finxit1)
781 867 978 932 quamquam
993 868 1051 918 eas
1068 850 1249 936 exornavit,

29 962 30 986 ¹
96 973 192 1036 neque
228 955 395 1038 discrepat
425 954 563 1038 epistula
595 957 638 1022 ab
668 956 804 1023 Arriani
834 956 896 1035 ΙΙΙ,
933 955 987 1036 Ab
1017 958 1251 1041 Plutarchique

95 1061 147 1128 rit,
168 1063 261 1130 Alex.
286 1061 418 1129 XXVII
451 1061 568 1144 verbis,
594 1081 677 1143 qnae
699 1062 851 1130 Pridicns
873 1063 1017 1146 protulit.
1063 1065 1251 1132 Alexander

95 1167 180 1249 enim,
215 1174 252 1234 ut
286 1171 435 1251 videtur,
469 1168 532 1235 hac
560 1169 700 1250 epistula
731 1187 796 1235 non
831 1188 988 1253 responsa
1018 1174 1148 1236 secreta
1178 1191 1250 1238 cnm
1309 1164 1313 1174 ⁴

94 1275 219 1342 Philota
243 1275 500 1357 communicavit,
524 1276 583 1343 sed
606 1294 641 1341 se
664 1275 760 1343 Jovis
783 1276 884 1342 filium
900 1277 1102 1364 appellatum
1126 1296 1197 1345 esse
1221 1278 1251 1344 ei

95 1381 283 1465 enuntiavit,
307 1381 342 1447 id
365 1383 450 1465 quod
474 1381 583 1466 colligi
605 1388 715 1466 potest
737 1401 779 1449 ex
793 1382 844 1466 iis,
869 1402 952 1463 quae
967 1383 1116 1450 Philotas
1131 1383 1251 1452 ibidem

94 1491 124 1552 et
145 1507 171 1554 o.
195 1489 236 1571 X,
272 1485 315 1553 39
347 1487 555 1570 rescripsisse
586 1488 716 1567 dicitnr,
752 1507 948 1571 quamquam
979 1488 1034 1572 iis,
1059 1495 1096 1557 nt
1119 1490 1250 1577 suprai)

95 1593 163 1674 dixi,
187 1613 252 1661 non
275 1594 410 1662 multum
433 1594 509 1661 fidei
531 1595 719 1661 habendum
743 1609 802 1660 est.

174 1701 406 1782 Alexandrum,
444 1720 516 1767 cum
550 1700 753 1767 Maracanda
786 1700 1007 1785 pervenisset,
1032 1700 1065 1766 in
1100 1702 1250 1772 convivio

93 1807 230 1891 Philippi
262 1826 316 1874 res
346 1808 521 1875 obtrivisse
557 1807 793 1889 epistulamque
824 1826 902 1873 ase
926 1809 968 1874 ad
991 1812 1115 1888 patrem
1139 1809 1251 1875 datam

92 1932 283 1982 memorasse
307 1913 387 1981 dicit
410 1913 541 1981 Curtius
564 1914 657 1996 VIII,
682 1913 708 1996 Ι,
733 1916 770 1981 3:

244 2021 361 2101 ltaque
395 2026 469 2102 post
495 2019 750 2116 expeditionem,
787 2037 882 2100 quam
907 2018 977 2085 sine
1005 2038 1041 2086 eo
1073 2019 1251 2108 (Philippo)

244 2126 389 2207 lecisset,
412 2127 483 2212 ipse
505 2127 540 2194 in
555 2126 697 2209 Illyrios,
721 2127 882 2198 victorem
900 2124 1071 2210 scripsisse
1095 2145 1130 2194 se
1153 2128 1252 2212 patri,

244 2232 334 2300 lusos
357 2232 551 2316 fugatosque
575 2236 685 2300 hostes
710 2285 716 2299 .
742 2284 749 2298 .
774 2284 781 2298 .

93 2339 237 2407 Pridicus
261 2339 351 2426 (ibid.
375 2361 406 2422 p.
430 2338 488 2426 86)
511 2358 625 2422 parum
649 2344 740 2407 recte
763 2344 859 2421 putat
881 2337 967 2404 hanc
991 2346 1104 2405 contra
1120 2337 1251 2423 Illyrios
1366 2397 1369 2406 ,

91 2445 211 2513 factam
245 2447 483 2529 expeditionem
518 2445 702 2513 Alexandri
736 2447 876 2511 eandem
907 2463 993 2529 esse,
1022 2452 1121 2528 atque
1149 2446 1251 2528 illam,

93 2571 183 2632 quam
212 2553 375 2619 Diodorus
407 2552 511 2636 (XVI,
540 2551 640 2639 93,6.)
695 2552 881 2635 Philippum
916 2559 1030 2618 contra
1063 2552 1250 2638 Illyriorum

91 2679 197 2743 regem
220 2658 384 2727 Pleuriam
407 2658 525 2726 fecisse
548 2659 662 2726 tradit.
708 2661 791 2724 Nam
814 2660 843 2724 si
858 2656 970 2724 Curtio
993 2658 1075 2726 fides
1098 2660 1251 2726 habenda

90 2773 146 2848 est,
184 2768 373 2835 Alexander
412 2765 553 2832 dilucide
592 2764 671 2832 dicit
708 2782 743 2830 se
780 2765 864 2831 hanc
904 2765 1144 2847 expeditionem
1181 2765 1251 2832 sine

91 2873 236 2958 Philippo
260 2872 396 2958 fecisse,
428 2878 462 2938 et
483 2873 604 2938 ibidem
628 2876 696 2939 ‘aec
719 2873 865 2954 &faisse
886 2893 1021 2954 aequom
1043 2869 1250 2955 Philippum!

90 2979 247 3060 Equidem
270 2984 348 3063 puto
373 2979 519 3046 Curtium
542 2997 613 3044 rem
636 2976 830 3061 confudisse,
855 2983 890 3044 et
903 2977 990 3044 hano
1010 2978 1250 3063 expeditionem

90 3105 151 3152 non
173 3086 272 3154 aliam
296 3092 376 3169 esse,
400 3085 464 3152 nisi
486 3085 585 3168 illam,
609 3103 705 3166 qnam
728 3084 926 3164 Alexander,
958 3088 1043 3152 teste
1073 3086 1248 3153 Plutarcho

91 3191 157 3277 (vit.
180 3193 275 3261 Alex.
298 3192 374 3279 IX),
399 3199 513 3259 contra
535 3192 671 3258 Maedos
679 3191 708 3276 Β)
732 3190 820 3257 iecit.

173 3303 224 3368 De
262 3299 444 3366 Alexandri
482 3301 527 3364 ad
563 3299 706 3365 Dareum
742 3298 823 3364 data
858 3297 1009 3382 epistula,
1045 3316 1129 3379 qnae
1164 3300 1251 3381 apud

21 3387 22 3442 3
91 3404 231 3472 curtium
261 3404 393 3489 legitur,
424 3404 513 3471 infra
545 3404 730 3487 disputabo.
777 3407 870 3470 Nunc
893 3406 995 3471 verba
1017 3404 1086 3487 eJus
1109 3404 1167 3484 Vl,
1192 3406 1248 3489 VI,

90 3511 130 3577 20
152 3513 294 3580 afferam.

243 3617 376 3685 litteras
389 3636 524 3704 quoque,
538 3636 619 3702 quas
635 3617 669 3684 in
684 3620 849 3703 Europam
865 3618 1013 3686 mitteret
1024 3617 1248 3705 (Alexander),

174 3903 195 3971 ¹)
215 3902 342 3960 Conferas
360 3916 440 3970 supra
456 3917 482 3970 p.
501 3903 526 3959 9.

174 3991 239 4061 ²)p.
259 3991 301 4045 79.

173 4080 253 4149 ⁸)De
279 4081 380 4136 Maedis
408 4083 441 4137 oi.
468 4081 585 4151 Phucyd
611 4081 651 4150 Π,
679 4080 755 4152 98,2;
783 4079 868 4134 Strab.
892 4079 960 4143 vn,
986 4080 1079 4151 316‚7;
1108 4079 1175 4149 331,
1202 4080 1237 4135 36

90 4169 181 4225 Athen.
199 4170 235 4239 Π,
254 4170 348 4241 23,ὥο
361 4169 430 4227 Plin.
448 4171 483 4226 N.
502 4171 536 4226 H.
555 4170 603 4240 IV,
623 4171 651 4223 1]
675 4169 742 4239 (18).
