3008 4614
648 147 691 218 89

88 361 161 409 eum
192 343 450 427 praetermisisse
485 344 685 433 appareatll.
731 345 795 414 Sed
830 363 902 413 cum
936 345 1006 429 ipse
1040 365 1165 431 pugnas
1200 349 1251 417 de

86 449 248 517 scribendi
272 468 389 533 parum
411 448 536 532 peritus
560 457 654 536 esset,
686 449 788 536 ipsius
812 451 992 522 Alexandri
1015 452 1188 536 epistulam
1212 455 1252 522 de

85 557 142 622 illa
175 575 286 639 pugna
318 555 473 639 scriptam
496 558 673 640 protulisse
696 559 836 627 videtur.
882 558 1044 627 Arrianus
1068 565 1177 626 autem
1200 559 1251 627 his

13 687 14 710 1
87 662 236 746 epistulis
252 682 318 730 nen
335 675 386 730 est
401 682 488 749 usus,
512 683 578 731 nou
594 666 679 746 quod
695 684 752 732 eas
775 665 969 750 despiceret,
993 671 1053 732 aut
1076 668 1117 732 de
1141 685 1251 733 earum

87 769 148 835 111
164 769 339 854 dubitaret,
364 770 422 837 red
438 772 522 852 quod
545 790 598 838 res
622 777 745 855 gestas,
769 790 835 838 non
856 774 961 839 vitam
977 771 1158 839 Alexandri
1180 771 1251 838 illu-

88 880 194 942 strare
228 875 292 942 sibi
314 875 491 959 proposuit.
540 876 647 960 Quare
669 896 733 944 non
757 876 910 945 Charetis
931 876 1016 943 libro
1039 876 1252 961 epistulisque

89 985 126 1050 ah
155 981 212 1049 illo
243 982 365 1069 allatis,
400 983 459 1049 sed
488 983 669 1052 Ptolemaei
699 985 734 1051 in
757 983 869 1067 primis
892 982 1136 1066 Aristobulique
1157 985 1252 1052 libris

90 1107 163 1156 usus
199 1095 264 1162 est,
298 1090 333 1155 in
367 1089 484 1170 quihus
518 1108 572 1156 res
602 1099 715 1175 gestae
745 1090 928 1173 descriptae
952 1097 1055 1175 erant,
1090 1098 1125 1157 et
1148 1109 1190 1158 ex
1211 1092 1252 1158 iis

88 1196 259 1279 plerasque
276 1195 434 1278 epistulas
448 1196 566 1281 hausit,
591 1216 673 1279 quas
699 1215 810 1264 omnes
831 1198 871 1264 de
893 1197 1030 1280 publicis
1052 1199 1152 1265 rebus
1175 1198 1252 1264 sori·

89 1309 160 1384 ptas
184 1310 282 1384 atque
305 1305 348 1370 ad
376 1303 585 1371 narrationes
615 1306 657 1372 de
686 1305 824 1388 publicis
854 1306 951 1373 rebus
982 1304 1156 1389 adJunetas
1180 1323 1252 1372 esse

14 1419 16 1441 ³
90 1410 243 1478 videmus.
288 1410 382 1477 Haec
398 1412 439 1477 de
454 1410 609 1500 tontibus,
634 1411 806 1494 exquibus
822 1412 1021 1480 Plutarchus
1044 1416 1079 1478 et
1094 1413 1253 1480 Arrianus

92 1517 242 1598 epistulas
265 1518 412 1584 hausisse
435 1517 600 1588 videntur.

172 1623 268 1690 Nunc
298 1623 432 1691 afferam
462 1624 630 1712 epistulas,
661 1643 745 1708 quae
774 1626 861 1710 apud
885 1625 1063 1692 Arriauum
1085 1626 1251 1709 leguntur.

92 1730 305 1798 Alexandrum
336 1733 459 1800 Thebis
489 1735 614 1803 eversis
643 1734 687 1800 ad
709 1731 929 1801 Athenienses
958 1736 1086 1817 legatos
1115 1733 1252 1814 misisse,

93 1837 142 1918 qui
157 1840 372 1921 postularent,
390 1845 427 1906 ut
442 1845 586 1907 oratores
602 1840 664 1906 sihi
681 1841 888 1923 dederentur,
906 1841 1045 1906 tradunt
1062 1837 1255 1924 Diodorus2)

92 1943 325 2033 Plutarchus3),
350 1945 374 2011 J
376 1945 502 2013 ustinus
510 1947 547 2033 ⁴),
571 1946 706 2013 Photius
715 1946 754 2033 ⁵),
779 1949 834 2028 qui
850 1946 973 2013 nullam
990 1944 1152 2028 epistulae
1167 1964 1255 2011 men-

92 2049 206 2117 tionem
223 2051 360 2120 faciuut.
406 2053 603 2121 Plutarchus
627 2054 918 2139 11111111111111
942 2052 1040 2121 dicit:
1064 2051 1212 2125 1111111
1237 2052 1253 2112 ὁ

88 2155 269 2237 Ἀλέξανδρος
298 2156 386 2238 ἐξῄτει
414 2164 535 2238 ιτιίμιιιον
556 2155 610 2224 τῶν
632 2155 805 2241 δημαγωγῶν
834 2164 903 2222 δίκα
932 2163 1000 2240 μέν,
1036 2163 1072 2232 ὡς
1099 2157 1255 2239 Ἰδομινιιλς

93 2267 137 2325 καί
158 2268 263 2344 Δοῦρις
291 2265 446 2348 εἰρήκασιν,
477 2264 551 2329 dard
578 2267 615 2346 δ’,
647 2270 684 2338 ὡς
707 2272 735 2328 οἱ
762 2268 891 2329 πλεῖστοι
914 2269 963 2329 καὶ
990 2264 1178 2346 δοκιμώτατοι
1199 2261 1254 2329 τινἰν

94 2376 284 2456 συγγραφέων,
309 2369 419 2446 τοίνσδι,
444 2374 643 2453 Δημοσθένην,
674 2369 867 2459 Πολίνενκτον,
889 2369 1052 2454 Ἐφιάλτην,
1076 2369 1251 2456 Λυκοῦργον,

94 2478 264 2560 Μοιροκλέα,
304 2477 445 2560 Δάμωνα,
483 2481 702 2560 Καλλισθένην,
740 2483 922 2562 Χαρίδημον.
984 2479 1074 2564 Quae
1111 2497 1173 2546 11011
1212 2497 1253 2544 ex

17 2564 20 2640 Γ
95 2582 237 2666 epistula,
255 2587 314 2651 sed
330 2604 371 2651 ex
386 2586 564 2674 Idomenei,
587 2586 721 2653 Duridis
737 2586 939 2668 aliorumque
954 2585 1047 2652 libris
1063 2587 1254 2668 deprompta

17 2720 20 2786 η
95 2707 159 2757 1111
196 2692 266 2775 ipse
295 2694 490 2761 Plutarchus
522 2699 674 2760 testatur.
734 2693 857 2772 Contra
888 2693 1049 2761 Arrianus
1084 2691 1177 2779 (1,10,
1207 2692 1252 2778 4.)

17 2787 20 2858 l
94 2797 312 2866 Alexandrum
335 2806 412 2867 tunc
436 2800 608 2883 epistulam
634 2799 762 2868 dedisse
786 2800 897 2869 tradit.

240 2925 326 2987 Ὁδὲ
357 2923 568 3011 (Ἀλίξανδρος)
597 2922 636 2986 τά
663 2926 716 3004 μὲν
746 2923 821 2986 ἄλλα
852 2921 1069 3005 φιλανθρώπως
1100 2920 1173 3006 πρὸς
1205 2921 1254 3002 τὴν

244 3033 401 3112 πρεσβείαν
424 3032 610 3113 άιτικρίνατο,
636 3029 789 3110 ἐπιστολὴν
810 3031 840 3093 cl
864 3029 983 3112 γράψας
1006 3027 1079 3111 ιιράς
1100 3027 1150 3092 τάν
1165 3034 1253 3109 δῆμον

245 3136 331 3216 repta
353 3134 419 3210 τούς
447 3139 524 3219 ἀμφὶ
547 3138 736 3217 Δημοσθένην
768 3140 818 3199 καλ
840 3142 1023 3217 Λυκοῦργον·
1054 3139 1102 3197 καί
1123 3138 1252 3216 Ὑπερεί-

244 3247 295 3323 δην
317 3247 347 3306 bt
371 3243 459 3324 ἐξῄτει
492 3247 540 3306 καί
563 3242 746 3306 Πολύευκτον
778 3247 827 3305 καί
850 3241 975 3322 Χάρητα
1010 3245 1059 3303 καί
1081 3244 1253 3324 Χαρίδημον

244 3353 292 3411 καὶ
324 3349 477 3431 Ἐφιάλτην
509 3353 558 3413 κοιλ
580 3350 717 3430 Διότιμον
749 3353 798 3411 καὶ
829 3349 1016 3430 Μοιροκλέα·
1051 3346 1168 3422 τούτους
1196 3345 1251 3431 γάρ

244 3461 352 3529 αἰτίους
375 3456 446 3520 ιίναι
468 3467 518 3538 τῆς
539 3479 570 3520 τι
593 3463 623 3519 ἐν
645 3459 809 3539 Χαιρωνεί,
837 3457 987 3537 ξυμφορᾶς
1009 3465 1044 3535 τῇ
1073 3451 1153 3517 ντάλιι
1177 3479 1252 3537 yero-

193 3566 197 3570 ’
243 3568 328 3645 μίνης
350 3567 399 3626 καλ
421 3577 475 3627 τῶν
506 3562 625 3647 ὕστιρον
647 3569 693 3627 ἐπὶ
715 3575 749 3645 τῇ
774 3567 921 3627 Φιλίππου
949 3564 1064 3641 τιλιυτῇ
1092 3563 1251 3641 σλημμιλη-

97 3687 298 3700 Φ--ηι-ῌ

177 3756 583 3827 ommmmm

177 3846 197 3916 ¹)
215 3847 291 3904 orou.
310 3845 483 3916 11111111.

176 3935 198 4004 ⁸)
215 3935 286 3990 Plus.
304 3936 350 3990 vis.
369 3935 450 3989 Phoe.
471 3938 517 4005 lx,
536 3935 552 3989 6
572 3937 599 3989 11
612 3934 673 3990 ibid.
693 3937 780 4003 XVII,
799 3936 825 3990 2.

175 4023 305 4092 1111111.
324 4026 372 4092 x1,
385 4023 410 4091 4,
425 4025 467 4080 ro.

176 4109 197 4181 ⁵)
216 4111 334 4182 Photide,
353 4111 507 4170 Bibliotheo.
526 4111 581 4166 eod.
602 4112 774 4169 CCLXVIII.
793 4108 844 4166 vol.
863 4108 910 4178 IV,
929 4125 954 4178 p.
969 4108 1019 4165 196
1039 4109 1079 4165 ed.
1097 4108 1195 4178 iligna.

176 4200 197 4269 1)
216 4201 287 4256 erut.
306 4202 351 4257 vs.
370 4202 447 4258 nem.
467 4203 569 4269 xxurr,
589 4198 614 4258 3.
