3016 4612
815 113 858 182 42

250 312 377 376 trutina
401 312 618 378 meorumue
638 316 725 378 sunt
764 313 815 378 De
837 313 929 378 tonte
939 311 963 396 ¹)
985 315 1097 376 autem
1112 310 1276 392 epistulae
1299 309 1327 376 si
1351 328 1422 376 con-

247 416 406 499 Jecturam
438 435 558 500 capere
588 416 683 501 licet,
714 435 786 484 cum
810 417 1007 485 Plutarchus
1031 417 1172 498 dumus,
1205 434 1287 497 quos
1311 417 1421 500 attuli,

249 522 331 588 locis
342 522 517 604 epistulam
529 524 572 589 ad
584 523 737 590 Charetis
752 526 973 591 mationem
989 523 1179 606 adjunctam
1195 521 1243 588 sic
1266 521 1421 606 preferat,

251 638 288 693 ut
322 646 420 694 uuum
462 630 666 710 eundemque
705 630 811 696 locum
845 634 881 694 et
918 627 1140 695 narrationem
1176 633 1214 694 et
1250 627 1422 710 apiarium

252 733 461 800 exhibentem
482 734 534 801 his
556 736 610 802 vel
625 740 702 801 ante
719 738 830 802 oculos
845 736 900 805 uel
915 735 949 800 in
965 737 1074 801 animo
1089 733 1244 802 hahuisse
1259 734 1421 814 videatur,
1487 762 1491 771 ·

251 837 396 906 fortusse
431 841 550 926 conjici
584 848 694 924 potest
725 860 796 908 eam
830 861 850 906 a
880 840 1022 907 Charete
1054 838 1231 906 memoriae
1261 840 1422 922 proditam
1489 897 1492 962 4

251 963 343 1029 esse,
380 949 435 1027 qui
464 955 638 1029 postquam
667 948 817 1016 narravit
849 948 1072 1035 Alexandrum
1101 967 1121 1012 a
1151 947 1277 1029 Dareo,
1308 953 1345 1012 ut
1367 946 1422 1011 ille
1490 1005 1491 1022 ,

252 1053 386 1134 quidem
414 1054 568 1138 putabat,
599 1055 809 1122 vulneratum
838 1072 922 1136 esse,
946 1054 1129 1119 Alexandri
1153 1051 1329 1134 epistulam
1351 1072 1422 1118 nar-
1489 1027 1492 1118 ἶ

251 1158 374 1224 radord
397 1159 582 1242 adjunxisse
604 1158 750 1244 uidetur,
783 1179 898 1243 parum
921 1159 1111 1228 veritusne
1135 1177 1175 1224 ea
1198 1157 1420 1224 refelleretur:

252 1282 359 1344 neque
389 1264 476 1331 enim
507 1273 621 1332 contra
644 1267 827 1333 Alexandri
849 1265 1071 1332 testimonium
1095 1265 1238 1348 scripsit,
1262 1265 1324 1331 sed
1347 1263 1422 1344 quid

1487 1248 1492 1350 'r

252 1370 287 1436 in
322 1369 463 1451 epistula
496 1373 627 1456 deerat,
658 1372 728 1455 ipso
758 1373 793 1438 in
821 1371 959 1438 historia
987 1390 1062 1454 sua,
1097 1371 1181 1437 falso
1211 1371 1268 1437 ille
1291 1372 1422 1451 quidem
1489 1380 1490 1384 ’

253 1476 416 1558 exposuit.

343 1601 393 1667 De
410 1602 587 1668 Amazonis
610 1604 653 1668 ad
669 1603 893 1670 Alexandrum
914 1604 1061 1670 adventu
1078 1602 1200 1683 duplex
1222 1605 1297 1667 erat
1320 1599 1421 1666 tama:
1489 1585 1490 1602 ³

254 1706 453 1773 Plutarchus
487 1708 624 1774 alteram
655 1707 801 1790 refellit,
836 1708 975 1774 alteram
1004 1705 1185 1773 Alexandri
1216 1706 1356 1788 epistula
1381 1705 1421 1771 ad
1487 1756 1490 1765 ,

254 1813 462 1894 Antipatrum
486 1816 565 1880 data
589 1815 768 1880 confirmat.
793 1813 849 1883 vit.
872 1813 967 1879 Alex.
992 1812 1123 1880 XLVI:

414 1924 478 1981 Kal
500 1933 655 2003 pauperpate
676 1921 777 1990 αὐτοῖς
807 1918 897 1982 ἔοικεν
918 1918 1116 1998 Ἀλέξανδρος.
1157 1915 1338 1997 Ἀντιπάτρῳ
1368 1914 1421 1998 yo'p

415 2023 533 2088 ἅπαντα
555 2025 676 2107 γράφων
699 2029 823 2108 ἀκριβῶς
844 2022 894 2088 τὸν
915 2028 967 2104 μὲν
981 2022 1103 2104 Σκύθην
1126 2026 1207 2102 αὐτῷ
1226 2046 1296 2110 φησι
1312 2021 1422 2086 διδόναι
1490 2101 1492 2108 γ

415 2128 466 2210 τήν
488 2131 637 2210 doyoeca‘pu
660 2128 733 2210 πρὸς
754 2131 855 2212 γάμον,
874 2130 1031 2207 Ἀμαζόνος
1054 2131 1084 2190 δὲ
1109 2130 1142 2191 ot
1166 2129 1340 2207 proporaria.
1399 2215 1401 2222 γ

256 2236 381 2320 Regem
415 2237 610 2319 Scytharum
646 2236 747 2302 filiam
783 2235 970 2322 Alexandro
1004 2237 1040 2302 in
1074 2235 1311 2302 matrimonium
1342 2235 1422 2300 dare

256 2341 398 2410 voluisse
426 2348 568 2409 testatur
590 2344 795 2428 Arrianus2).
844 2342 997 2423 Epistula
1031 2341 1134 2424 igitur
1168 2341 1322 2424 congruit
1352 2359 1422 2406 oum

255 2449 419 2532 memoria,
450 2466 536 2530 quae
564 2448 639 2528 quia
667 2469 727 2516 nec
757 2456 826 2514 tam
856 2449 1054 2530 pervulgata
1089 2446 1191 2514 fuisse
1220 2448 1364 2526 videtur,
1389 2453 1423 2512 ut

255 2554 353 2640 facile
376 2575 417 2622 ex
438 2573 479 2620 ea
502 2553 631 2620 falsarii
651 2563 877 2638 argumentum
900 2560 1078 2637 sumerent,
1102 2571 1208 2634 neque
1230 2564 1306 2617 erat
1328 2571 1423 2634 argu·

255 2667 401 2726 mentum
431 2661 585 2727 idoneum
608 2663 651 2726 ad
672 2662 839 2742 ingenium
860 2661 1081 2726 exercendum
1105 2665 1163 2726 aut
1185 2659 1424 2740 ostentandam,

254 2765 422 2848 colligitur
433 2766 607 2847 epistulam
626 2785 697 2832 esse
709 2786 833 2835 veram.
868 2766 980 2831 Verbo
996 2774 1105 2831 autem
1123 2762 1213 2826 ἔοικεν
1228 2763 1424 2829 Plutarchus
1489 2787 1490 2790 ¹

256 2890 322 2938 nun
351 2871 521 2954 significat
551 2891 587 2937 se
611 2873 651 2936 de
674 2872 836 2954 epistulae
863 2870 1007 2937 verimte
1032 2871 1196 2951 dubitare,
1219 2871 1280 2936 sed
1302 2868 1425 2934 indicat

256 2984 503 3061 argumentum,
528 2997 569 3044 ex
589 2997 654 3058 quo
677 2977 836 3058 intelligit
858 2980 1025 3043 Amazona
1049 2977 1091 3042 ad
1114 2977 1340 3042 Alexandrum
1363 2993 1427 3040 non

257 3082 397 3165 venisse,
421 3101 535 3164 parum
557 3084 683 3149 firmum
698 3101 782 3148 esse.
821 3084 1012 3151 Alexander
1028 3081 1114 3147 enim
1129 3079 1258 3147 etiarnsi
1280 3082 1426 3146 Amazon

257 3191 301 3256 ad
324 3207 396 3255 eum
419 3189 574 3268 venisset,
598 3196 709 3256 tamen
725 3196 857 3272 poterat
872 3191 992 3257 nullam
1010 3190 1079 3271 ejus
1095 3191 1291 3254 mentionem
1306 3184 1424 3264 faama,

259 3313 452 3380 quamquam
476 3296 517 3360 de
541 3297 689 3362 omnihus
711 3298 809 3361 rebus
832 3302 990 3363 accurate
1013 3297 1057 3360 ad
1072 3293 1285 3376 Antipatrum
1308 3292 1425 3358 scribe

257 3406 327 3470 hat.
373 3403 427 3468 Ex
449 3421 487 3468 eo
509 3401 610 3483 igitur
627 3403 714 3483 quod
737 3403 928 3470 Alexander
944 3400 1122 3468 Amauonis
1145 3399 1342 3467 mendorum
1364 3417 1425 3466 nou

258 3509 346 3581 feeit,
371 3507 497 3592 coniici,
520 3508 582 3574 sed
604 3525 670 3574 non
692 3509 912 3576 demonstrari
934 3513 1044 3591 potest
1057 3527 1131 3574 cam
1146 3507 1188 3572 ad
1203 3506 1425 3574 Alexandrum

258 3633 323 3682 non
345 3632 486 3682 venrsse.

349 3791 371 3858 ¹)
388 3789 508 3844 Pridicus
527 3789 588 3844 ihid
608 3806 634 3858 p.
654 3789 688 3845 58
704 3791 771 3844 dicit
788 3791 847 3859 ipsa
866 3791 948 3844 verba
971 3791 1065 3844 docere
1090 3787 1264 3842 Plutarchum
1287 3787 1424 3858 epistulam

256 3896 294 3934 ex
318 3878 490 3948 epistularum
519 3895 627 3948 corpore
656 3880 809 3949 sumpsisse.
846 3879 899 3934 Sed
926 3879 1021 3948 quihus
1046 3877 1168 3932 eucthis
1189 3877 1241 3930 hoo
1265 3875 1424 3944 mediator

257 3968 383 4037 equidm
399 3984 454 4022 non
471 3969 556 4027 uideo.

347 4057 488 4126 “term
512 4058 660 4128 IV,15,2.
703 4058 744 4110 De
762 4057 849 4126 priore
867 4056 1025 4124 Scytharum
1044 4056 1177 4126 lngxdona
1196 4054 1229 4108 ad
1246 4053 1424 4109 mmm

258 4146 340 4200 missa
356 4147 389 4203 cf.
408 4148 510 4200 Arrian.
528 4147 575 4215 IV,
600 4148 650 4215 1,1.
676 4146 720 4200 οἱ·
737 4145 815 4199 etiam
830 4145 905 4201 (lurt.
925 4145 986 4214 Vll,
1003 4145 1078 4213 VIII,
1101 4145 1136 4198 33
1155 4159 1195 4212 sq.
