<?xml version="1.0" encoding="UTF-8"?>
<!DOCTYPE html PUBLIC "-//W3C//DTD XHTML 1.0 Transitional//EN"
    "http://www.w3.org/TR/xhtml1/DTD/xhtml1-transitional.dtd">
<html xmlns="http://www.w3.org/1999/xhtml" xml:lang="en" lang="en">
 <head>
  <title>
</title>
<meta http-equiv="Content-Type" content="text/html;charset=utf-8" />
  <meta name='ocr-system' content='tesseract 3.04.00' />
  <meta name='ocr-capabilities' content='ocr_page ocr_carea ocr_par ocr_line ocrx_word'/>
</head>
<body>
  <div class='ocr_page' id='page_1' title='image "./dealexandriolym00zumegoog_0068.png"; bbox 0 0 3016 4612; ppageno 0'>
   <div class='ocr_carea' id='block_1_1' title="bbox 643 173 686 240">
    <p class='ocr_par' dir='ltr' id='par_1_1' title="bbox 643 173 686 240">
     <span class='ocr_line' id='line_1_1' title="bbox 643 173 686 240; baseline 0 0"><span class='ocrx_word' id='word_1_1' title='bbox 643 173 686 240; x_wconf 82' lang='lat'><strong><em>57</em></strong></span> 
     </span>
    </p>
   </div>
   <div class='ocr_carea' id='block_1_2' title="bbox 243 367 1253 1195">
    <p class='ocr_par' dir='ltr' id='par_1_2' title="bbox 243 367 1253 1195">
     <span class='ocr_line' id='line_1_2' title="bbox 244 367 1253 453; baseline 0 -23"><span class='ocrx_word' id='word_1_2' title='bbox 244 369 278 430; x_wconf 80' lang='grc' dir='ltr'><strong><em>οὐ</em></strong></span> <span class='ocrx_word' id='word_1_3' title='bbox 298 373 430 450; x_wconf 77' lang='grc' dir='ltr'><strong><em>βεβαίως,</em></strong></span> <span class='ocrx_word' id='word_1_4' title='bbox 455 367 505 431; x_wconf 85' lang='grc' dir='ltr'><strong><em>άτε</em></strong></span> <span class='ocrx_word' id='word_1_5' title='bbox 528 367 563 443; x_wconf 88' lang='grc' dir='ltr'><strong><em>δή</em></strong></span> <span class='ocrx_word' id='word_1_6' title='bbox 586 369 797 433; x_wconf 70' lang='grc' dir='ltr'><strong><em>συνολισθάνον</em></strong></span> <span class='ocrx_word' id='word_1_7' title='bbox 820 376 867 432; x_wconf 80' lang='grc' dir='ltr'><strong><em>καὶ</em></strong></span> <span class='ocrx_word' id='word_1_8' title='bbox 891 367 1185 453; x_wconf 74' lang='grc' dir='ltr'><strong><em>περιρρηγνόμενονῙ).</em></strong></span> <span class='ocrx_word' id='word_1_9' title='bbox 1207 406 1253 416; x_wconf 92' lang='grc'>-</span> 
     </span>
     <span class='ocr_line' id='line_1_3' title="bbox 244 471 1252 560; baseline -0.001 -25"><span class='ocrx_word' id='word_1_10' title='bbox 244 472 295 545; x_wconf 82' lang='grc' dir='ltr'><strong><em>τάς</em></strong></span> <span class='ocrx_word' id='word_1_11' title='bbox 318 478 432 556; x_wconf 77' lang='grc' dir='ltr'><strong><em>σχεδίας</em></strong></span> <span class='ocrx_word' id='word_1_12' title='bbox 455 475 511 560; x_wconf 79' lang='grc' dir='ltr'><strong><em>(δὲ)</em></strong></span> <span class='ocrx_word' id='word_1_13' title='bbox 536 475 666 555; x_wconf 86' lang='grc' dir='ltr'><strong><em>ἀφέντας</em></strong></span> <span class='ocrx_word' id='word_1_14' title='bbox 681 476 785 547; x_wconf 79' lang='grc' dir='ltr'><strong><em>αὐτοὺς</em></strong></span> <span class='ocrx_word' id='word_1_15' title='bbox 799 472 873 555; x_wconf 84' lang='grc' dir='ltr'><strong><em>μετά</em></strong></span> <span class='ocrx_word' id='word_1_16' title='bbox 886 485 941 537; x_wconf 77' lang='grc' dir='ltr'><strong><em>τῶν</em></strong></span> <span class='ocrx_word' id='word_1_17' title='bbox 962 471 1056 538; x_wconf 80' lang='grc' dir='ltr'><strong><em>ὅπλων</em></strong></span> <span class='ocrx_word' id='word_1_18' title='bbox 1070 472 1104 538; x_wconf 85' lang='grc' dir='ltr'><strong><em>τό</em></strong></span> <span class='ocrx_word' id='word_1_19' title='bbox 1127 473 1252 556; x_wconf 81' lang='grc' dir='ltr'><strong><em>ἔκρηγμα</em></strong></span> 
     </span>
     <span class='ocr_line' id='line_1_4' title="bbox 243 578 1236 665; baseline 0.002 -23"><span class='ocrx_word' id='word_1_20' title='bbox 243 587 401 664; x_wconf 69' lang='grc' dir='ltr'><strong><em>διαβαίνειν</em></strong></span> <span class='ocrx_word' id='word_1_21' title='bbox 424 578 489 664; x_wconf 90' lang='grc' dir='ltr'><strong><em>άχρι</em></strong></span> <span class='ocrx_word' id='word_1_22' title='bbox 512 592 629 662; x_wconf 80' lang='grc' dir='ltr'><strong><em>μαστῶν</em></strong></span> <span class='ocrx_word' id='word_1_23' title='bbox 651 587 852 665; x_wconf 85' lang='grc' dir='ltr'><strong><em>βρεχομένους,</em></strong></span> <span class='ocrx_word' id='word_1_24' title='bbox 884 580 989 664; x_wconf 87' lang='grc' dir='ltr'><strong><em>διαβάς</em></strong></span> <span class='ocrx_word' id='word_1_25' title='bbox 1018 587 1049 646; x_wconf 74' lang='grc' dir='ltr'><strong><em>δὲ</em></strong></span> <span class='ocrx_word' id='word_1_26' title='bbox 1080 593 1134 646; x_wconf 80' lang='grc' dir='ltr'><strong><em>τῶν</em></strong></span> <span class='ocrx_word' id='word_1_27' title='bbox 1162 581 1236 655; x_wconf 86' lang='grc' dir='ltr'><strong><em>πεζ”</em></strong></span> 
     </span>
     <span class='ocr_line' id='line_1_5' title="bbox 244 688 1252 773; baseline -0.002 -23"><span class='ocrx_word' id='word_1_28' title='bbox 244 688 333 750; x_wconf 82' lang='grc' dir='ltr'><strong><em>εόιοσι</em></strong></span> <span class='ocrx_word' id='word_1_29' title='bbox 356 694 491 760; x_wconf 78' lang='grc' dir='ltr'><strong><em>σταδίους</em></strong></span> <span class='ocrx_word' id='word_1_30' title='bbox 507 701 711 760; x_wconf 78' lang='grc' dir='ltr'><strong><em>’προῖππεῦσαι</em></strong></span> <span class='ocrx_word' id='word_1_31' title='bbox 735 691 922 773; x_wconf 80' lang='grc' dir='ltr'><strong><em>λογιζόμενος,</em></strong></span> <span class='ocrx_word' id='word_1_32' title='bbox 948 695 975 752; x_wconf 88' lang='grc' dir='ltr'><strong><em>εί</em></strong></span> <span class='ocrx_word' id='word_1_33' title='bbox 995 692 1047 768; x_wconf 72' lang='grc' dir='ltr'><strong><em>μὲν</em></strong></span> <span class='ocrx_word' id='word_1_34' title='bbox 1070 696 1098 751; x_wconf 85' lang='grc' dir='ltr'><strong><em>οἱ</em></strong></span> <span class='ocrx_word' id='word_1_35' title='bbox 1119 692 1252 766; x_wconf 84' lang='grc' dir='ltr'><strong><em>πολέμιοι</em></strong></span> 
     </span>
     <span class='ocr_line' id='line_1_6' title="bbox 243 792 1253 878; baseline 0.001 -23"><span class='ocrx_word' id='word_1_36' title='bbox 243 809 304 866; x_wconf 88' lang='grc' dir='ltr'><strong><em>τοῖς</em></strong></span> <span class='ocrx_word' id='word_1_37' title='bbox 326 795 424 867; x_wconf 77' lang='grc' dir='ltr'><strong><em>ἵπποις</em></strong></span> <span class='ocrx_word' id='word_1_38' title='bbox 447 795 641 877; x_wconf 77' lang='grc' dir='ltr'><strong><em>προσβάλοιεν</em></strong></span> <span class='ocrx_word' id='word_1_39' title='bbox 664 792 739 858; x_wconf 85' lang='grc' dir='ltr'><strong><em>πολό</em></strong></span> <span class='ocrx_word' id='word_1_40' title='bbox 760 797 925 878; x_wconf 90' lang='grc' dir='ltr'><strong><em>κρατήσειν,</em></strong></span> <span class='ocrx_word' id='word_1_41' title='bbox 957 801 984 858; x_wconf 83' lang='grc' dir='ltr'><strong><em>εἰ</em></strong></span> <span class='ocrx_word' id='word_1_42' title='bbox 1011 798 1042 858; x_wconf 80' lang='grc' dir='ltr'><strong><em>δὲ</em></strong></span> <span class='ocrx_word' id='word_1_43' title='bbox 1070 808 1173 858; x_wconf 79' lang='grc' dir='ltr'><strong><em>κινοῖεν</em></strong></span> <span class='ocrx_word' id='word_1_44' title='bbox 1201 793 1253 874; x_wconf 87' lang='grc' dir='ltr'><strong><em>τήν</em></strong></span> 
     </span>
     <span class='ocr_line' id='line_1_7' title="bbox 244 901 1251 987; baseline 0 -25"><span class='ocrx_word' id='word_1_45' title='bbox 244 901 394 987; x_wconf 69' lang='grc' dir='ltr'><strong><em>φάλαγγα,</em></strong></span> <span class='ocrx_word' id='word_1_46' title='bbox 430 901 610 982; x_wconf 77' lang='grc' dir='ltr'><strong><em>φθήσεσθαι</em></strong></span> <span class='ocrx_word' id='word_1_47' title='bbox 643 901 709 976; x_wconf 81' lang='grc' dir='ltr'><strong><em>νοός</em></strong></span> <span class='ocrx_word' id='word_1_48' title='bbox 743 901 845 976; x_wconf 78' lang='grc' dir='ltr'><strong><em>πεζοὺς</em></strong></span> <span class='ocrx_word' id='word_1_49' title='bbox 883 904 960 981; x_wconf 78' lang='grc' dir='ltr'><strong><em>αὐτῷ</em></strong></span> <span class='ocrx_word' id='word_1_50' title='bbox 992 902 1251 984; x_wconf 72' lang='grc' dir='ltr'><strong><em>προσγενομένους·</em></strong></span> 
     </span>
     <span class='ocr_line' id='line_1_8' title="bbox 244 1007 1252 1092; baseline -0.001 -22"><span class='ocrx_word' id='word_1_51' title='bbox 244 1007 372 1086; x_wconf 82' lang='grc' dir='ltr'><strong><em>θάτερον</em></strong></span> <span class='ocrx_word' id='word_1_52' title='bbox 394 1011 424 1070; x_wconf 75' lang='grc' dir='ltr'><strong><em>δὲ</em></strong></span> <span class='ocrx_word' id='word_1_53' title='bbox 448 1013 597 1090; x_wconf 79' lang='grc' dir='ltr'><strong><em>συμβῆναι.</em></strong></span> <span class='ocrx_word' id='word_1_54' title='bbox 648 1014 708 1072; x_wconf 82' lang='grc' dir='ltr'><strong><em>Τῶν</em></strong></span> <span class='ocrx_word' id='word_1_55' title='bbox 730 1011 784 1090; x_wconf 86' lang='grc' dir='ltr'><strong><em>γάρ</em></strong></span> <span class='ocrx_word' id='word_1_56' title='bbox 808 1014 918 1071; x_wconf 87' lang='grc' dir='ltr'><strong><em>ίπνιίων</em></strong></span> <span class='ocrx_word' id='word_1_57' title='bbox 940 1012 1044 1092; x_wconf 82' lang='grc' dir='ltr'><strong><em>χιλίους</em></strong></span> <span class='ocrx_word' id='word_1_58' title='bbox 1063 1012 1179 1070; x_wconf 82' lang='grc' dir='ltr'><strong><em>καὶτῶν</em></strong></span> <span class='ocrx_word' id='word_1_59' title='bbox 1202 1012 1252 1088; x_wconf 83' lang='grc' dir='ltr'><strong><em>ἀρ-</em></strong></span> 
     </span>
     <span class='ocr_line' id='line_1_9' title="bbox 243 1110 1252 1195; baseline -0.003 -19"><span class='ocrx_word' id='word_1_60' title='bbox 243 1114 341 1190; x_wconf 80' lang='grc' dir='ltr'><strong><em>μάτων</em></strong></span> <span class='ocrx_word' id='word_1_61' title='bbox 369 1113 503 1192; x_wconf 84' lang='grc' dir='ltr'><strong><em>έξήκοντα</em></strong></span> <span class='ocrx_word' id='word_1_62' title='bbox 535 1113 719 1194; x_wconf 77' lang='grc' dir='ltr'><strong><em>συμπεσόντα</em></strong></span> <span class='ocrx_word' id='word_1_63' title='bbox 751 1112 946 1195; x_wconf 77' lang='grc' dir='ltr'><strong><em>τρεψάμενος,</em></strong></span> <span class='ocrx_word' id='word_1_64' title='bbox 982 1113 1019 1176; x_wconf 86' lang='grc' dir='ltr'><strong><em>τά</em></strong></span> <span class='ocrx_word' id='word_1_65' title='bbox 1049 1115 1100 1192; x_wconf 73' lang='grc' dir='ltr'><strong><em>μὲν</em></strong></span> <span class='ocrx_word' id='word_1_66' title='bbox 1134 1110 1252 1193; x_wconf 77' lang='grc' dir='ltr'><strong><em>ἅρματα</em></strong></span> 
     </span>
    </p>
   </div>
   <div class='ocr_carea' id='block_1_3' title="bbox 243 1215 1252 1305">
    <p class='ocr_par' dir='ltr' id='par_1_3' title="bbox 243 1215 1252 1305">
     <span class='ocr_line' id='line_1_10' title="bbox 243 1215 1252 1305; baseline -0.002 -23"><span class='ocrx_word' id='word_1_67' title='bbox 243 1224 340 1302; x_wconf 83' lang='grc' dir='ltr'><strong><em>λαβεῖν</em></strong></span> <span class='ocrx_word' id='word_1_68' title='bbox 363 1219 489 1305; x_wconf 80' lang='grc' dir='ltr'><strong><em>ἅπαντα,</em></strong></span> <span class='ocrx_word' id='word_1_69' title='bbox 514 1234 568 1284; x_wconf 82' lang='grc' dir='ltr'><strong><em>τῶν</em></strong></span> <span class='ocrx_word' id='word_1_70' title='bbox 600 1222 741 1284; x_wconf 82' lang='grc' dir='ltr'><strong><em>δ’ίππέων</em></strong></span> <span class='ocrx_word' id='word_1_71' title='bbox 769 1223 880 1285; x_wconf 90' lang='grc' dir='ltr'><strong><em>ἀνελεῖν</em></strong></span> <span class='ocrx_word' id='word_1_72' title='bbox 908 1225 1120 1300; x_wconf 84' lang='grc' dir='ltr'><strong><em>τετρακοσίους.</em></strong></span> <span class='ocrx_word' id='word_1_73' title='bbox 1169 1215 1252 1282; x_wconf 64' lang='lat' dir='ltr'><strong><em>oium</em></strong></span> 
     </span>
    </p>
   </div>
   <div class='ocr_carea' id='block_1_4' title="bbox 238 1324 1253 2368">
    <p class='ocr_par' dir='ltr' id='par_1_4' title="bbox 238 1324 1253 2368">
     <span class='ocr_line' id='line_1_11' title="bbox 244 1324 1252 1417; baseline -0.003 -27"><span class='ocrx_word' id='word_1_74' title='bbox 244 1327 278 1392; x_wconf 84' lang='grc' dir='ltr'><strong><em>δή</em></strong></span> <span class='ocrx_word' id='word_1_75' title='bbox 310 1328 554 1411; x_wconf 81' lang='grc' dir='ltr'><strong><em>συμφρονήσαντα</em></strong></span> <span class='ocrx_word' id='word_1_76' title='bbox 584 1329 632 1391; x_wconf 90' lang='grc' dir='ltr'><strong><em>τόν</em></strong></span> <span class='ocrx_word' id='word_1_77' title='bbox 665 1335 783 1417; x_wconf 65' lang='grc' dir='ltr'><strong><em>Πῶρον,</em></strong></span> <span class='ocrx_word' id='word_1_78' title='bbox 818 1334 855 1401; x_wconf 79' lang='grc' dir='ltr'><strong><em>ὡς</em></strong></span> <span class='ocrx_word' id='word_1_79' title='bbox 888 1328 974 1400; x_wconf 82' lang='grc' dir='ltr'><strong><em>αὐτὸς</em></strong></span> <span class='ocrx_word' id='word_1_80' title='bbox 1006 1329 1048 1407; x_wconf 78' lang='grc' dir='ltr'><strong><em>εἴη</em></strong></span> <span class='ocrx_word' id='word_1_81' title='bbox 1082 1324 1252 1410; x_wconf 78' lang='grc' dir='ltr'><strong><em>διαβεβηκός</em></strong></span> 
     </span>
     <span class='ocr_line' id='line_1_12' title="bbox 238 1431 1252 1517; baseline -0.004 -20"><span class='ocrx_word' id='word_1_82' title='bbox 238 1435 439 1517; x_wconf 82' lang='grc' dir='ltr'><strong><em>Ἀλέξανδρος,</em></strong></span> <span class='ocrx_word' id='word_1_83' title='bbox 464 1442 575 1498; x_wconf 78' lang='grc' dir='ltr'><strong><em>ἐπιέναι</em></strong></span> <span class='ocrx_word' id='word_1_84' title='bbox 597 1433 670 1515; x_wconf 89' lang='grc' dir='ltr'><strong><em>μετά</em></strong></span> <span class='ocrx_word' id='word_1_85' title='bbox 694 1435 790 1514; x_wconf 86' lang='grc' dir='ltr'><strong><em>πάσης</em></strong></span> <span class='ocrx_word' id='word_1_86' title='bbox 818 1447 867 1515; x_wconf 80' lang='grc' dir='ltr'><strong><em>τῆς</em></strong></span> <span class='ocrx_word' id='word_1_87' title='bbox 897 1433 1057 1513; x_wconf 87' lang='grc' dir='ltr'><strong><em>δυνάμεως,</em></strong></span> <span class='ocrx_word' id='word_1_88' title='bbox 1087 1431 1160 1513; x_wconf 87' lang='grc' dir='ltr'><strong><em>πλήν</em></strong></span> <span class='ocrx_word' id='word_1_89' title='bbox 1184 1432 1252 1495; x_wconf 84' lang='grc' dir='ltr'><strong><em>ὅσον</em></strong></span> 
     </span>
     <span class='ocr_line' id='line_1_13' title="bbox 244 1537 1250 1623; baseline -0.002 -21"><span class='ocrx_word' id='word_1_90' title='bbox 244 1541 373 1620; x_wconf 81' lang='grc' dir='ltr'><strong><em>έμποδιόν</em></strong></span> <span class='ocrx_word' id='word_1_91' title='bbox 407 1541 479 1603; x_wconf 79' lang='grc' dir='ltr'><strong><em>εἶναι</em></strong></span> <span class='ocrx_word' id='word_1_92' title='bbox 513 1554 573 1611; x_wconf 88' lang='grc' dir='ltr'><strong><em>τοῖς</em></strong></span> <span class='ocrx_word' id='word_1_93' title='bbox 607 1546 788 1623; x_wconf 85' lang='grc' dir='ltr'><strong><em>διαβαίνουσι</em></strong></span> <span class='ocrx_word' id='word_1_94' title='bbox 821 1551 876 1604; x_wconf 82' lang='grc' dir='ltr'><strong><em>τῶν</em></strong></span> <span class='ocrx_word' id='word_1_95' title='bbox 908 1537 1086 1603; x_wconf 80' lang='grc' dir='ltr'><strong><em>Μακεδόνων</em></strong></span> <span class='ocrx_word' id='word_1_96' title='bbox 1119 1542 1250 1621; x_wconf 75' lang='grc' dir='ltr'><strong><em>ἀπέλιπε,</em></strong></span> 
     </span>
     <span class='ocr_line' id='line_1_14' title="bbox 244 1643 1253 1730; baseline -0.003 -20"><span class='ocrx_word' id='word_1_97' title='bbox 244 1652 386 1730; x_wconf 79' lang='grc' dir='ltr'><strong><em>φοβηθεὶς</em></strong></span> <span class='ocrx_word' id='word_1_98' title='bbox 408 1650 438 1710; x_wconf 79' lang='grc' dir='ltr'><strong><em>δὲ</em></strong></span> <span class='ocrx_word' id='word_1_99' title='bbox 461 1647 499 1710; x_wconf 89' lang='grc' dir='ltr'><strong><em>τά</em></strong></span> <span class='ocrx_word' id='word_1_100' title='bbox 522 1652 614 1728; x_wconf 88' lang='grc' dir='ltr'><strong><em>θηρία</em></strong></span> <span class='ocrx_word' id='word_1_101' title='bbox 638 1653 687 1709; x_wconf 83' lang='grc' dir='ltr'><strong><em>καὶ</em></strong></span> <span class='ocrx_word' id='word_1_102' title='bbox 710 1648 743 1710; x_wconf 89' lang='grc' dir='ltr'><strong><em>τό</em></strong></span> <span class='ocrx_word' id='word_1_103' title='bbox 766 1651 881 1728; x_wconf 80' lang='grc' dir='ltr'><strong><em>πλῆθος</em></strong></span> <span class='ocrx_word' id='word_1_104' title='bbox 906 1657 961 1710; x_wconf 81' lang='grc' dir='ltr'><strong><em>τῶν</em></strong></span> <span class='ocrx_word' id='word_1_105' title='bbox 990 1651 1133 1727; x_wconf 88' lang='grc' dir='ltr'><strong><em>πολεμίων</em></strong></span> <span class='ocrx_word' id='word_1_106' title='bbox 1164 1643 1253 1716; x_wconf 84' lang='grc' dir='ltr'><strong><em>αὐτός</em></strong></span> 
     </span>
     <span class='ocr_line' id='line_1_15' title="bbox 243 1751 1252 1836; baseline -0.004 -20"><span class='ocrx_word' id='word_1_107' title='bbox 243 1757 294 1832; x_wconf 77' lang='grc' dir='ltr'><strong><em>μλν</em></strong></span> <span class='ocrx_word' id='word_1_108' title='bbox 317 1761 444 1816; x_wconf 77' lang='grc' dir='ltr'><strong><em>ἐνσεῖσαι</em></strong></span> <span class='ocrx_word' id='word_1_109' title='bbox 467 1751 543 1816; x_wconf 90' lang='grc' dir='ltr'><strong><em>κατά</em></strong></span> <span class='ocrx_word' id='word_1_110' title='bbox 566 1755 694 1836; x_wconf 83' lang='grc' dir='ltr'><strong><em>θάτερον</em></strong></span> <span class='ocrx_word' id='word_1_111' title='bbox 717 1762 812 1835; x_wconf 82' lang='grc' dir='ltr'><strong><em>κέρας,</em></strong></span> <span class='ocrx_word' id='word_1_112' title='bbox 836 1760 944 1816; x_wconf 86' lang='grc' dir='ltr'><strong><em>Κοῖνον</em></strong></span> <span class='ocrx_word' id='word_1_113' title='bbox 964 1756 994 1816; x_wconf 81' lang='grc' dir='ltr'><strong><em>δὲ</em></strong></span> <span class='ocrx_word' id='word_1_114' title='bbox 1010 1763 1050 1829; x_wconf 83' lang='grc' dir='ltr'><strong><em>τῷ</em></strong></span> <span class='ocrx_word' id='word_1_115' title='bbox 1069 1754 1151 1832; x_wconf 80' lang='grc' dir='ltr'><strong><em>δεξιῷ</em></strong></span> <span class='ocrx_word' id='word_1_116' title='bbox 1163 1775 1252 1830; x_wconf 90' lang='grc' dir='ltr'><strong><em>προσ-</em></strong></span> 
     </span>
     <span class='ocr_line' id='line_1_16' title="bbox 243 1860 1252 1944; baseline -0.003 -22"><span class='ocrx_word' id='word_1_117' title='bbox 243 1864 341 1942; x_wconf 85' lang='grc' dir='ltr'><strong><em>βαλεῖν</em></strong></span> <span class='ocrx_word' id='word_1_118' title='bbox 363 1865 505 1926; x_wconf 83' lang='grc' dir='ltr'><strong><em>κελεῦσαι.</em></strong></span> <span class='ocrx_word' id='word_1_119' title='bbox 552 1866 709 1940; x_wconf 83' lang='grc' dir='ltr'><strong><em>Γενομένης</em></strong></span> <span class='ocrx_word' id='word_1_120' title='bbox 734 1863 764 1924; x_wconf 80' lang='grc' dir='ltr'><strong><em>δὲ</em></strong></span> <span class='ocrx_word' id='word_1_121' title='bbox 792 1872 900 1944; x_wconf 81' lang='grc' dir='ltr'><strong><em>τροπῆς</em></strong></span> <span class='ocrx_word' id='word_1_122' title='bbox 929 1866 1112 1943; x_wconf 74' lang='grc' dir='ltr'><strong><em>ἑκατέρωθεν</em></strong></span> <span class='ocrx_word' id='word_1_123' title='bbox 1142 1860 1252 1940; x_wconf 86' lang='grc' dir='ltr'><strong><em>ἀναχω-</em></strong></span> 
     </span>
     <span class='ocr_line' id='line_1_17' title="bbox 244 1966 1251 2050; baseline -0.004 -20"><span class='ocrx_word' id='word_1_124' title='bbox 244 1981 302 2046; x_wconf 80' lang='grc' dir='ltr'><strong><em>ρεῖν</em></strong></span> <span class='ocrx_word' id='word_1_125' title='bbox 325 1971 370 2029; x_wconf 82' lang='grc' dir='ltr'><strong><em>ἀεὶ</em></strong></span> <span class='ocrx_word' id='word_1_126' title='bbox 393 1966 467 2048; x_wconf 83' lang='grc' dir='ltr'><strong><em>πρὸς</em></strong></span> <span class='ocrx_word' id='word_1_127' title='bbox 488 1967 526 2030; x_wconf 88' lang='grc' dir='ltr'><strong><em>τά</em></strong></span> <span class='ocrx_word' id='word_1_128' title='bbox 551 1972 641 2050; x_wconf 82' lang='grc' dir='ltr'><strong><em>θηρία</em></strong></span> <span class='ocrx_word' id='word_1_129' title='bbox 665 1973 713 2030; x_wconf 82' lang='grc' dir='ltr'><strong><em>καὶ</em></strong></span> <span class='ocrx_word' id='word_1_130' title='bbox 733 1972 931 2031; x_wconf 78' lang='grc' dir='ltr'><strong><em>συνειλεῖσθαι</em></strong></span> <span class='ocrx_word' id='word_1_131' title='bbox 946 1967 1012 2038; x_wconf 84' lang='grc' dir='ltr'><strong><em>τοὺς</em></strong></span> <span class='ocrx_word' id='word_1_132' title='bbox 1027 1967 1251 2048; x_wconf 82' lang='grc' dir='ltr'><strong><em>ἐκβιαζομένους,</em></strong></span> 
     </span>
     <span class='ocr_line' id='line_1_18' title="bbox 245 2071 1253 2157; baseline -0.003 -20"><span class='ocrx_word' id='word_1_133' title='bbox 245 2071 315 2137; x_wconf 80' lang='grc' dir='ltr'><strong><em>ὅθεν</em></strong></span> <span class='ocrx_word' id='word_1_134' title='bbox 339 2072 391 2154; x_wconf 89' lang='grc' dir='ltr'><strong><em>ήδη</em></strong></span> <span class='ocrx_word' id='word_1_135' title='bbox 412 2073 464 2153; x_wconf 88' lang='grc' dir='ltr'><strong><em>τήν</em></strong></span> <span class='ocrx_word' id='word_1_136' title='bbox 485 2075 576 2157; x_wconf 88' lang='grc' dir='ltr'><strong><em>μάχην</em></strong></span> <span class='ocrx_word' id='word_1_137' title='bbox 600 2074 827 2157; x_wconf 78' lang='grc' dir='ltr'><strong><em>ἀναμεμιγμένην</em></strong></span> <span class='ocrx_word' id='word_1_138' title='bbox 850 2073 935 2148; x_wconf 81' lang='grc' dir='ltr'><strong><em>εἶναι,</em></strong></span> <span class='ocrx_word' id='word_1_139' title='bbox 966 2079 1014 2135; x_wconf 78' lang='grc' dir='ltr'><strong><em>καὶ</em></strong></span> <span class='ocrx_word' id='word_1_140' title='bbox 1041 2074 1121 2153; x_wconf 86' lang='grc' dir='ltr'><strong><em>μόλις</em></strong></span> <span class='ocrx_word' id='word_1_141' title='bbox 1153 2073 1253 2155; x_wconf 87' lang='grc' dir='ltr'><strong><em>ὀγδόης</em></strong></span> 
     </span>
     <span class='ocr_line' id='line_1_19' title="bbox 244 2178 1253 2262; baseline -0.001 -20"><span class='ocrx_word' id='word_1_142' title='bbox 244 2178 319 2260; x_wconf 79' lang='grc' dir='ltr'><strong><em>ὥρας</em></strong></span> <span class='ocrx_word' id='word_1_143' title='bbox 342 2182 475 2243; x_wconf 84' lang='grc' dir='ltr'><strong><em>ἀπειπεῖν</em></strong></span> <span class='ocrx_word' id='word_1_144' title='bbox 496 2179 564 2253; x_wconf 87' lang='grc' dir='ltr'><strong><em>τοός</em></strong></span> <span class='ocrx_word' id='word_1_145' title='bbox 586 2185 747 2260; x_wconf 89' lang='grc' dir='ltr'><strong><em>πολεμίους.</em></strong></span> <span class='ocrx_word' id='word_1_146' title='bbox 796 2188 895 2245; x_wconf 81' lang='grc' dir='ltr'><strong><em>Ταῦτα</em></strong></span> <span class='ocrx_word' id='word_1_147' title='bbox 919 2184 971 2261; x_wconf 75' lang='grc' dir='ltr'><strong><em>μὲν</em></strong></span> <span class='ocrx_word' id='word_1_148' title='bbox 993 2178 1073 2244; x_wconf 79' lang='grc' dir='ltr'><strong><em>οὖνὸ</em></strong></span> <span class='ocrx_word' id='word_1_149' title='bbox 1093 2191 1143 2261; x_wconf 78' lang='grc' dir='ltr'><strong><em>τῆς</em></strong></span> <span class='ocrx_word' id='word_1_150' title='bbox 1162 2181 1253 2262; x_wconf 92' lang='grc' dir='ltr'><strong><em>μάχης</em></strong></span> 
     </span>
     <span class='ocr_line' id='line_1_20' title="bbox 243 2286 936 2368; baseline 0.003 -20"><span class='ocrx_word' id='word_1_151' title='bbox 243 2286 359 2367; x_wconf 82' lang='grc' dir='ltr'><strong><em>ποιητής</em></strong></span> <span class='ocrx_word' id='word_1_152' title='bbox 383 2286 472 2358; x_wconf 80' lang='grc' dir='ltr'><strong><em>αὐτὸς</em></strong></span> <span class='ocrx_word' id='word_1_153' title='bbox 494 2293 523 2348; x_wconf 80' lang='grc' dir='ltr'><strong><em>έν</em></strong></span> <span class='ocrx_word' id='word_1_154' title='bbox 544 2301 609 2358; x_wconf 90' lang='grc' dir='ltr'><strong><em>ταῖς</em></strong></span> <span class='ocrx_word' id='word_1_155' title='bbox 632 2291 796 2360; x_wconf 77' lang='grc' dir='ltr'><strong><em>ἐπιστολαῖς</em></strong></span> <span class='ocrx_word' id='word_1_156' title='bbox 819 2288 936 2368; x_wconf 80' lang='grc' dir='ltr'><strong><em>εἴρηκεν.</em></strong></span> 
     </span>
    </p>
   </div>
   <div class='ocr_carea' id='block_1_5' title="bbox 85 2413 1253 2818">
    <p class='ocr_par' dir='ltr' id='par_1_5' title="bbox 85 2413 1253 2818">
     <span class='ocr_line' id='line_1_21' title="bbox 85 2413 1251 2495; baseline -0.001 -17"><span class='ocrx_word' id='word_1_157' title='bbox 85 2413 120 2479; x_wconf 90' lang='lat' dir='ltr'><strong><em>In</em></strong></span> <span class='ocrx_word' id='word_1_158' title='bbox 145 2414 362 2480; x_wconf 84' lang='lat' dir='ltr'>describenda</span> <span class='ocrx_word' id='word_1_159' title='bbox 385 2430 505 2495; x_wconf 85' lang='lat' dir='ltr'>pugna,</span> <span class='ocrx_word' id='word_1_160' title='bbox 531 2431 627 2493; x_wconf 88' lang='lat' dir='ltr'>quam</span> <span class='ocrx_word' id='word_1_161' title='bbox 650 2413 841 2479; x_wconf 83' lang='lat' dir='ltr'>Alexander</span> <span class='ocrx_word' id='word_1_162' title='bbox 871 2433 942 2479; x_wconf 87' lang='lat' dir='ltr'><strong><em>oum</em></strong></span> <span class='ocrx_word' id='word_1_163' title='bbox 965 2415 1051 2479; x_wconf 88' lang='lat' dir='ltr'>Poro</span> <span class='ocrx_word' id='word_1_164' title='bbox 1083 2413 1251 2490; x_wconf 78' lang='lat' dir='ltr'>commisit,</span> 
     </span>
     <span class='ocr_line' id='line_1_22' title="bbox 85 2519 1253 2610; baseline -0.003 -23"><span class='ocrx_word' id='word_1_165' title='bbox 85 2520 145 2587; x_wconf 77' lang='lat' dir='ltr'>viri</span> <span class='ocrx_word' id='word_1_166' title='bbox 169 2519 295 2605; x_wconf 83' lang='lat' dir='ltr'>oooti2)</span> <span class='ocrx_word' id='word_1_167' title='bbox 319 2520 495 2610; x_wconf 83' lang='lat' dir='ltr'>Arrianpm</span> <span class='ocrx_word' id='word_1_168' title='bbox 518 2519 551 2584; x_wconf 94' lang='lat' dir='ltr'><strong><em>in</em></strong></span> <span class='ocrx_word' id='word_1_169' title='bbox 576 2519 688 2600; x_wconf 86' lang='lat' dir='ltr'>primis</span> <span class='ocrx_word' id='word_1_170' title='bbox 713 2520 817 2586; x_wconf 82' lang='lat' dir='ltr'>secuti</span> <span class='ocrx_word' id='word_1_171' title='bbox 834 2531 919 2605; x_wconf 81' lang='lat' dir='ltr'>sunt,</span> <span class='ocrx_word' id='word_1_172' title='bbox 942 2537 1048 2600; x_wconf 89' lang='lat' dir='ltr'>neque</span> <span class='ocrx_word' id='word_1_173' title='bbox 1070 2519 1253 2584; x_wconf 89' lang='lat' dir='ltr'>habuerunt</span> 
     </span>
     <span class='ocr_line' id='line_1_23' title="bbox 87 2625 1252 2714; baseline -0.003 -22"><span class='ocrx_word' id='word_1_174' title='bbox 87 2628 245 2709; x_wconf 81' lang='lat' dir='ltr'>epistulae</span> <span class='ocrx_word' id='word_1_175' title='bbox 260 2629 430 2692; x_wconf 77' lang='lat' dir='ltr'>rationem.</span> <span class='ocrx_word' id='word_1_176' title='bbox 445 2625 618 2711; x_wconf 66' lang='lat' dir='ltr'>Geiernsss)</span> <span class='ocrx_word' id='word_1_177' title='bbox 633 2636 667 2691; x_wconf 81' lang='lat' dir='ltr'><strong><em>et</em></strong></span> <span class='ocrx_word' id='word_1_178' title='bbox 678 2625 861 2714; x_wconf 79' lang='lat' dir='ltr'>Pridioue⁴)</span> <span class='ocrx_word' id='word_1_179' title='bbox 879 2645 951 2692; x_wconf 90' lang='lat' dir='ltr'><strong><em>eam</em></strong></span> <span class='ocrx_word' id='word_1_180' title='bbox 966 2629 999 2691; x_wconf 91' lang='lat' dir='ltr'><strong><em>in</em></strong></span> <span class='ocrx_word' id='word_1_181' title='bbox 1016 2626 1105 2695; x_wconf 86' lang='lat' dir='ltr'>veris</span> <span class='ocrx_word' id='word_1_182' title='bbox 1120 2634 1252 2708; x_wconf 83' lang='lat' dir='ltr'>ponunt.</span> 
     </span>
     <span class='ocr_line' id='line_1_24' title="bbox 87 2731 1253 2818; baseline 0 -20"><span class='ocrx_word' id='word_1_183' title='bbox 87 2731 395 2818; x_wconf 54' lang='lat' dir='ltr'>Sancto-crucium</span> <span class='ocrx_word' id='word_1_184' title='bbox 442 2751 512 2798; x_wconf 87' lang='lat' dir='ltr'><strong><em>eam</em></strong></span> <span class='ocrx_word' id='word_1_185' title='bbox 552 2734 594 2798; x_wconf 87' lang='lat' dir='ltr'><strong><em>ab</em></strong></span> <span class='ocrx_word' id='word_1_186' title='bbox 634 2732 817 2799; x_wconf 84' lang='lat' dir='ltr'>Onesicrito</span> <span class='ocrx_word' id='word_1_187' title='bbox 856 2733 966 2799; x_wconf 85' lang='lat' dir='ltr'>fiotem</span> <span class='ocrx_word' id='word_1_188' title='bbox 1002 2751 1073 2799; x_wconf 90' lang='lat' dir='ltr'>esse</span> <span class='ocrx_word' id='word_1_189' title='bbox 1114 2731 1253 2814; x_wconf 78' lang='lat' dir='ltr'>oonjiois.</span> 
     </span>
    </p>
   </div>
   <div class='ocr_carea' id='block_1_6' title="bbox 17 2838 1253 2926">
    <p class='ocr_par' dir='ltr' id='par_1_6' title="bbox 17 2838 1253 2926">
     <span class='ocr_line' id='line_1_25' title="bbox 17 2838 1253 2926; baseline -0.001 -22"><span class='ocrx_word' id='word_1_190' title='bbox 17 2907 18 2914; x_wconf 14' lang='lat'>¹</span> <span class='ocrx_word' id='word_1_191' title='bbox 88 2839 297 2926; x_wconf 72' lang='lat' dir='ltr'>Kaersliusss)</span> <span class='ocrx_word' id='word_1_192' title='bbox 331 2841 372 2905; x_wconf 89' lang='lat' dir='ltr'><strong><em>de</em></strong></span> <span class='ocrx_word' id='word_1_193' title='bbox 404 2858 445 2905; x_wconf 88' lang='lat' dir='ltr'><strong><em>ea</em></strong></span> <span class='ocrx_word' id='word_1_194' title='bbox 482 2838 652 2921; x_wconf 84' lang='lat' dir='ltr'>disputans</span> <span class='ocrx_word' id='word_1_195' title='bbox 683 2839 761 2906; x_wconf 79' lang='lat' dir='ltr'>dieii</span> <span class='ocrx_word' id='word_1_196' title='bbox 791 2858 959 2906; x_wconf 84' lang='lat' dir='ltr'>nnmerum</span> <span class='ocrx_word' id='word_1_197' title='bbox 988 2858 1138 2905; x_wconf 83' lang='lat' dir='ltr'><strong>curruum</strong></span> <span class='ocrx_word' id='word_1_198' title='bbox 1169 2840 1253 2920; x_wconf 91' lang='lat' dir='ltr'>equi-</span> 
     </span>
    </p>
   </div>
   <div class='ocr_carea' id='block_1_7' title="bbox 17 3984 28 4038">
    <p class='ocr_par' dir='ltr' id='par_1_7' title="bbox 17 3984 28 4038">
     <span class='ocr_line' id='line_1_26' title="bbox 17 3984 28 4038; baseline 0 0"><span class='ocrx_word' id='word_1_199' title='bbox 17 3984 28 4038; x_wconf 78' lang='grc' dir='ltr'><strong><em>λ</em></strong></span> 
     </span>
    </p>
   </div>
   <div class='ocr_carea' id='block_1_8' title="bbox 89 3069 1254 3227">
    <p class='ocr_par' dir='ltr' id='par_1_8' title="bbox 89 3069 1254 3227">
     <span class='ocr_line' id='line_1_27' title="bbox 175 3069 1254 3140; baseline -0.001 -16"><span class='ocrx_word' id='word_1_200' title='bbox 175 3073 196 3140; x_wconf 87' lang='grc'><strong><em>1)</em></strong></span> <span class='ocrx_word' id='word_1_201' title='bbox 217 3069 299 3124; x_wconf 86' lang='lat' dir='ltr'>Omiei</span> <span class='ocrx_word' id='word_1_202' title='bbox 317 3069 462 3122; x_wconf 80' lang='lat' dir='ltr'>Alexandri</span> <span class='ocrx_word' id='word_1_203' title='bbox 480 3069 573 3138; x_wconf 84' lang='lat' dir='ltr'>verba,</span> <span class='ocrx_word' id='word_1_204' title='bbox 601 3085 668 3138; x_wconf 84' lang='lat' dir='ltr'>quae</span> <span class='ocrx_word' id='word_1_205' title='bbox 694 3070 727 3123; x_wconf 89' lang='lat' dir='ltr'><strong><em>ab</em></strong></span> <span class='ocrx_word' id='word_1_206' title='bbox 746 3069 893 3124; x_wconf 85' lang='lat' dir='ltr'>Onesicrito</span> <span class='ocrx_word' id='word_1_207' title='bbox 918 3070 1059 3124; x_wconf 83' lang='lat' dir='ltr'>memoriae</span> <span class='ocrx_word' id='word_1_208' title='bbox 1082 3070 1183 3138; x_wconf 83' lang='lat' dir='ltr'>prodita</span> <span class='ocrx_word' id='word_1_209' title='bbox 1201 3070 1254 3138; x_wconf 90' lang='lat' dir='ltr'>epi·</span> 
     </span>
     <span class='ocr_line' id='line_1_28' title="bbox 89 3159 434 3227; baseline 0 -17"><span class='ocrx_word' id='word_1_210' title='bbox 89 3159 169 3214; x_wconf 80' lang='lat' dir='ltr'>stnlae</span> <span class='ocrx_word' id='word_1_211' title='bbox 188 3159 347 3227; x_wconf 82' lang='lat' dir='ltr'>interposita</span> <span class='ocrx_word' id='word_1_212' title='bbox 365 3160 434 3211; x_wconf 81' lang='lat' dir='ltr'>sunt.</span> 
     </span>
    </p>
   </div>
   <div class='ocr_carea' id='block_1_9' title="bbox 90 3264 1256 3867">
    <p class='ocr_par' dir='ltr' id='par_1_9' title="bbox 90 3264 1256 3867">
     <span class='ocr_line' id='line_1_29' title="bbox 175 3264 1254 3336; baseline 0 -16"><span class='ocrx_word' id='word_1_213' title='bbox 175 3266 194 3336; x_wconf 80' lang='lat'><strong><em>²)</em></strong></span> <span class='ocrx_word' id='word_1_214' title='bbox 213 3266 335 3334; x_wconf 83' lang='lat' dir='ltr'>Droysen</span> <span class='ocrx_word' id='word_1_215' title='bbox 350 3265 427 3318; x_wconf 82' lang='lat' dir='ltr'>Alex.</span> <span class='ocrx_word' id='word_1_216' title='bbox 447 3265 500 3334; x_wconf 90' lang='lat' dir='ltr'>(ed.</span> <span class='ocrx_word' id='word_1_217' title='bbox 512 3264 584 3319; x_wconf 91' lang='lat' dir='ltr'>Berl.</span> <span class='ocrx_word' id='word_1_218' title='bbox 596 3264 676 3334; x_wconf 84' lang='grc'><strong>1833)</strong></span> <span class='ocrx_word' id='word_1_219' title='bbox 690 3281 715 3333; x_wconf 91' lang='lat' dir='ltr'>p.</span> <span class='ocrx_word' id='word_1_220' title='bbox 732 3266 784 3322; x_wconf 88' lang='lat'><strong><em>386</em></strong></span> <span class='ocrx_word' id='word_1_221' title='bbox 803 3281 859 3334; x_wconf 87' lang='lat' dir='ltr'>sqq.</span> <span class='ocrx_word' id='word_1_222' title='bbox 880 3269 907 3318; x_wconf 76' lang='lat' dir='ltr'><strong><em>el</em></strong></span> <span class='ocrx_word' id='word_1_223' title='bbox 918 3264 994 3320; x_wconf 82' lang='lat' dir='ltr'>Alex.</span> <span class='ocrx_word' id='word_1_224' title='bbox 1014 3265 1066 3334; x_wconf 79' lang='lat' dir='ltr'>(ed.</span> <span class='ocrx_word' id='word_1_225' title='bbox 1077 3265 1254 3334; x_wconf 78' lang='lat' dir='ltr'>Gotha1877)</span> 
     </span>
     <span class='ocr_line' id='line_1_30' title="bbox 90 3353 1256 3422; baseline -0.001 -15"><span class='ocrx_word' id='word_1_226' title='bbox 90 3353 122 3422; x_wconf 87' lang='lat' dir='ltr'><strong><em>H,</em></strong></span> <span class='ocrx_word' id='word_1_227' title='bbox 140 3369 166 3422; x_wconf 92' lang='lat' dir='ltr'>p.</span> <span class='ocrx_word' id='word_1_228' title='bbox 188 3355 238 3412; x_wconf 83' lang='lat'><strong><em>127</em></strong></span> <span class='ocrx_word' id='word_1_229' title='bbox 257 3370 314 3422; x_wconf 90' lang='lat' dir='ltr'>sqq.</span> <span class='ocrx_word' id='word_1_230' title='bbox 337 3353 379 3406; x_wconf 90' lang='lat' dir='ltr'><strong><em>W.</em></strong></span> <span class='ocrx_word' id='word_1_231' title='bbox 398 3353 510 3407; x_wconf 82' lang='lat' dir='ltr'>Riistow</span> <span class='ocrx_word' id='word_1_232' title='bbox 534 3353 588 3406; x_wconf 90' lang='lat' dir='ltr'><strong><em>und</em></strong></span> <span class='ocrx_word' id='word_1_233' title='bbox 611 3353 645 3407; x_wconf 87' lang='lat' dir='ltr'>H.</span> <span class='ocrx_word' id='word_1_234' title='bbox 671 3353 789 3422; x_wconf 78' lang='lat' dir='ltr'>Kochly,</span> <span class='ocrx_word' id='word_1_235' title='bbox 815 3354 973 3411; x_wconf 78' lang='lat' dir='ltr'>Gesohiohte</span> <span class='ocrx_word' id='word_1_236' title='bbox 998 3355 1044 3408; x_wconf 89' lang='lat' dir='ltr'><strong><em>des</em></strong></span> <span class='ocrx_word' id='word_1_237' title='bbox 1068 3354 1256 3408; x_wconf 85' lang='lat' dir='ltr'>Grieohisohon</span> 
     </span>
     <span class='ocr_line' id='line_1_31' title="bbox 90 3442 1255 3512; baseline -0.001 -16"><span class='ocrx_word' id='word_1_238' title='bbox 90 3442 278 3512; x_wconf 84' lang='lat' dir='ltr'>Kriogswesen.</span> <span class='ocrx_word' id='word_1_239' title='bbox 303 3445 393 3496; x_wconf 75' lang='lat' dir='ltr'>Aaron</span> <span class='ocrx_word' id='word_1_240' title='bbox 412 3442 480 3496; x_wconf 82' lang='grc'><strong>1852</strong></span> <span class='ocrx_word' id='word_1_241' title='bbox 499 3458 525 3511; x_wconf 90' lang='lat' dir='ltr'>p.</span> <span class='ocrx_word' id='word_1_242' title='bbox 539 3442 591 3496; x_wconf 83' lang='lat'><strong><em>296</em></strong></span> <span class='ocrx_word' id='word_1_243' title='bbox 609 3457 675 3511; x_wconf 84' lang='lat' dir='ltr'>sqq,</span> <span class='ocrx_word' id='word_1_244' title='bbox 689 3442 740 3496; x_wconf 86' lang='lat' dir='ltr'>alii.</span> <span class='ocrx_word' id='word_1_245' title='bbox 757 3443 890 3500; x_wconf 77' lang='lat' dir='ltr'>christian</span> <span class='ocrx_word' id='word_1_246' title='bbox 903 3443 1011 3512; x_wconf 86' lang='lat' dir='ltr'>Lassen,</span> <span class='ocrx_word' id='word_1_247' title='bbox 1030 3443 1153 3497; x_wconf 83' lang='lat' dir='ltr'>Indisohe</span> <span class='ocrx_word' id='word_1_248' title='bbox 1166 3443 1255 3498; x_wconf 84' lang='lat' dir='ltr'>Alter-</span> 
     </span>
     <span class='ocr_line' id='line_1_32' title="bbox 91 3530 1255 3601; baseline 0 -17"><span class='ocrx_word' id='word_1_249' title='bbox 91 3531 271 3599; x_wconf 77' lang='lat' dir='ltr'>lhumskunde‚</span> <span class='ocrx_word' id='word_1_250' title='bbox 298 3532 323 3586; x_wconf 86' lang='lat'>2.</span> <span class='ocrx_word' id='word_1_251' title='bbox 342 3531 453 3598; x_wconf 85' lang='lat' dir='ltr'>Auilage</span> <span class='ocrx_word' id='word_1_252' title='bbox 474 3530 552 3600; x_wconf 79' lang='lat'>1874,</span> <span class='ocrx_word' id='word_1_253' title='bbox 580 3530 629 3588; x_wconf 77' lang='lat' dir='ltr'><strong><em>Bo</em></strong></span> <span class='ocrx_word' id='word_1_254' title='bbox 647 3531 687 3601; x_wconf 83' lang='lat'><strong><em>11;</em></strong></span> <span class='ocrx_word' id='word_1_255' title='bbox 716 3549 742 3600; x_wconf 93' lang='lat' dir='ltr'><strong><em>p.</em></strong></span> <span class='ocrx_word' id='word_1_256' title='bbox 763 3535 814 3588; x_wconf 83' lang='grc'><strong><em>156</em></strong></span> <span class='ocrx_word' id='word_1_257' title='bbox 837 3533 897 3586; x_wconf 86' lang='lat' dir='ltr'>adn.</span> <span class='ocrx_word' id='word_1_258' title='bbox 916 3533 941 3600; x_wconf 80' lang='lat'><strong><em>4,</em></strong></span> <span class='ocrx_word' id='word_1_259' title='bbox 966 3547 1011 3585; x_wconf 87' lang='lat' dir='ltr'><strong><em>eos</em></strong></span> <span class='ocrx_word' id='word_1_260' title='bbox 1037 3547 1162 3584; x_wconf 79' lang='lat' dir='ltr'>curruum</span> <span class='ocrx_word' id='word_1_261' title='bbox 1181 3531 1255 3599; x_wconf 90' lang='lat' dir='ltr'>equi-</span> 
     </span>
     <span class='ocr_line' id='line_1_33' title="bbox 91 3618 1255 3690; baseline -0.001 -17"><span class='ocrx_word' id='word_1_262' title='bbox 91 3623 195 3690; x_wconf 83' lang='lat' dir='ltr'>tumque</span> <span class='ocrx_word' id='word_1_263' title='bbox 213 3635 339 3674; x_wconf 88' lang='lat' dir='ltr'>numeros</span> <span class='ocrx_word' id='word_1_264' title='bbox 358 3619 458 3689; x_wconf 74' lang='lat' dir='ltr'>probat,</span> <span class='ocrx_word' id='word_1_265' title='bbox 478 3618 523 3688; x_wconf 88' lang='lat' dir='ltr'><strong><em>qui</em></strong></span> <span class='ocrx_word' id='word_1_266' title='bbox 541 3619 569 3672; x_wconf 90' lang='lat' dir='ltr'><strong><em>in</em></strong></span> <span class='ocrx_word' id='word_1_267' title='bbox 588 3619 701 3686; x_wconf 77' lang='lat' dir='ltr'>epistula</span> <span class='ocrx_word' id='word_1_268' title='bbox 718 3619 849 3688; x_wconf 82' lang='lat' dir='ltr'>leguntur,</span> <span class='ocrx_word' id='word_1_269' title='bbox 868 3622 916 3674; x_wconf 86' lang='lat' dir='ltr'><strong><em>sed</em></strong></span> <span class='ocrx_word' id='word_1_270' title='bbox 934 3637 959 3689; x_wconf 91' lang='lat' dir='ltr'><strong><em>p.</em></strong></span> <span class='ocrx_word' id='word_1_271' title='bbox 979 3622 1030 3675; x_wconf 81' lang='grc'><strong><em>157</em></strong></span> <span class='ocrx_word' id='word_1_272' title='bbox 1053 3619 1112 3675; x_wconf 86' lang='lat' dir='ltr'>illos</span> <span class='ocrx_word' id='word_1_273' title='bbox 1130 3635 1255 3673; x_wconf 87' lang='lat' dir='ltr'>numeros</span> 
     </span>
     <span class='ocr_line' id='line_1_34' title="bbox 92 3706 1253 3778; baseline 0 -16"><span class='ocrx_word' id='word_1_274' title='bbox 92 3709 172 3778; x_wconf 61' lang='lat' dir='ltr'><strong><em>alfort7</em></strong></span> <span class='ocrx_word' id='word_1_275' title='bbox 192 3725 257 3778; x_wconf 89' lang='lat' dir='ltr'>quos</span> <span class='ocrx_word' id='word_1_276' title='bbox 276 3709 446 3765; x_wconf 76' lang='lat' dir='ltr'>Ptolemaeus</span> <span class='ocrx_word' id='word_1_277' title='bbox 465 3706 579 3776; x_wconf 76' lang='lat' dir='ltr'>tradidit,</span> <span class='ocrx_word' id='word_1_278' title='bbox 598 3708 635 3760; x_wconf 84' lang='lat' dir='ltr'><strong><em>ila</em></strong></span> <span class='ocrx_word' id='word_1_279' title='bbox 647 3710 677 3761; x_wconf 76' lang='lat' dir='ltr'><strong><em>ut</em></strong></span> <span class='ocrx_word' id='word_1_280' title='bbox 689 3723 780 3762; x_wconf 84' lang='lat' dir='ltr'>seonm</span> <span class='ocrx_word' id='word_1_281' title='bbox 794 3708 851 3776; x_wconf 90' lang='lat' dir='ltr'>ipse</span> <span class='ocrx_word' id='word_1_282' title='bbox 863 3724 980 3777; x_wconf 87' lang='lat' dir='ltr'>pugnare</span> <span class='ocrx_word' id='word_1_283' title='bbox 992 3708 1120 3777; x_wconf 79' lang='lat' dir='ltr'>videatur,</span> <span class='ocrx_word' id='word_1_284' title='bbox 1138 3708 1164 3760; x_wconf 92' lang='lat' dir='ltr'><strong><em>id</em></strong></span> <span class='ocrx_word' id='word_1_285' title='bbox 1183 3709 1253 3776; x_wconf 87' lang='lat' dir='ltr'>quod</span> 
     </span>
     <span class='ocr_line' id='line_1_35' title="bbox 91 3795 820 3867; baseline 0 -17"><span class='ocrx_word' id='word_1_286' title='bbox 91 3797 139 3863; x_wconf 67' lang='grc' dir='ltr'><strong><em>μοι</em></strong></span> <span class='ocrx_word' id='word_1_287' title='bbox 157 3797 277 3856; x_wconf 84' lang='lat' dir='ltr'>Pn&#39;dious</span> <span class='ocrx_word' id='word_1_288' title='bbox 296 3797 369 3866; x_wconf 91' lang='lat' dir='ltr'>(ibid.</span> <span class='ocrx_word' id='word_1_289' title='bbox 388 3813 412 3867; x_wconf 90' lang='lat' dir='ltr'>p.</span> <span class='ocrx_word' id='word_1_290' title='bbox 433 3797 484 3852; x_wconf 86' lang='grc'><strong><em>105</em></strong></span> <span class='ocrx_word' id='word_1_291' title='bbox 503 3811 564 3850; x_wconf 85' lang='lat' dir='ltr'>ann.</span> <span class='ocrx_word' id='word_1_292' title='bbox 584 3797 610 3864; x_wconf 87' lang='lat'><strong><em>1)</em></strong></span> <span class='ocrx_word' id='word_1_293' title='bbox 628 3795 820 3850; x_wconf 84' lang='lat' dir='ltr'>animadvertit.</span> 
     </span>
    </p>
   </div>
   <div class='ocr_carea' id='block_1_10' title="bbox 175 3901 818 4295">
    <p class='ocr_par' dir='ltr' id='par_1_10' title="bbox 175 3901 818 4081">
     <span class='ocr_line' id='line_1_36' title="bbox 176 3901 818 3974; baseline 0.003 -16"><span class='ocrx_word' id='word_1_294' title='bbox 176 3905 196 3974; x_wconf 82' lang='lat'><strong><em>³)</em></strong></span> <span class='ocrx_word' id='word_1_295' title='bbox 215 3904 292 3960; x_wconf 82' lang='lat' dir='ltr'>Alex.</span> <span class='ocrx_word' id='word_1_296' title='bbox 311 3903 372 3957; x_wconf 84' lang='lat' dir='ltr'>hist.</span> <span class='ocrx_word' id='word_1_297' title='bbox 391 3901 481 3972; x_wconf 81' lang='lat' dir='ltr'>soript.</span> <span class='ocrx_word' id='word_1_298' title='bbox 499 3920 525 3971; x_wconf 88' lang='lat' dir='ltr'><strong><em>p.</em></strong></span> <span class='ocrx_word' id='word_1_299' title='bbox 545 3902 579 3956; x_wconf 82' lang='lat'><strong><em>22</em></strong></span> <span class='ocrx_word' id='word_1_300' title='bbox 599 3905 625 3956; x_wconf 78' lang='lat' dir='ltr'><strong><em>et</em></strong></span> <span class='ocrx_word' id='word_1_301' title='bbox 642 3920 666 3972; x_wconf 91' lang='lat' dir='ltr'>p.</span> <span class='ocrx_word' id='word_1_302' title='bbox 687 3906 730 3960; x_wconf 85' lang='lat'>89.</span> <span class='ocrx_word' id='word_1_303' title='bbox 816 3933 818 3937; x_wconf 93' lang='lat'>·</span> 
     </span>
     <span class='ocr_line' id='line_1_37' title="bbox 175 4009 476 4081; baseline 0 -17"><span class='ocrx_word' id='word_1_304' title='bbox 175 4011 282 4081; x_wconf 80' lang='lat' dir='ltr'>⁴)1bid.</span> <span class='ocrx_word' id='word_1_305' title='bbox 301 4029 328 4081; x_wconf 88' lang='lat' dir='ltr'><strong><em>p.</em></strong></span> <span class='ocrx_word' id='word_1_306' title='bbox 348 4009 399 4065; x_wconf 89' lang='grc'><strong><em>105</em></strong></span> <span class='ocrx_word' id='word_1_307' title='bbox 418 4025 476 4079; x_wconf 86' lang='lat' dir='ltr'>sqq.</span> 
     </span>
    </p>

    <p class='ocr_par' dir='ltr' id='par_1_11' title="bbox 176 4116 404 4188">
     <span class='ocr_line' id='line_1_38' title="bbox 176 4116 404 4188; baseline -0.009 -16"><span class='ocrx_word' id='word_1_308' title='bbox 176 4117 199 4188; x_wconf 74' lang='grc' dir='ltr'><strong><em>ὅ)</em></strong></span> <span class='ocrx_word' id='word_1_309' title='bbox 216 4117 283 4173; x_wconf 86' lang='lat' dir='ltr'>Ibid.</span> <span class='ocrx_word' id='word_1_310' title='bbox 302 4134 328 4186; x_wconf 88' lang='lat' dir='ltr'><strong><em>p.</em></strong></span> <span class='ocrx_word' id='word_1_311' title='bbox 344 4116 404 4171; x_wconf 81' lang='lat'>397.</span> 
     </span>
    </p>

    <p class='ocr_par' dir='ltr' id='par_1_12' title="bbox 177 4223 582 4295">
     <span class='ocr_line' id='line_1_39' title="bbox 177 4223 582 4295; baseline -0.005 -17"><span class='ocrx_word' id='word_1_312' title='bbox 177 4225 199 4295; x_wconf 81' lang='lat'><strong><em>⁸)</em></strong></span> <span class='ocrx_word' id='word_1_313' title='bbox 218 4224 407 4292; x_wconf 78' lang='lat' dir='ltr'>Forsohungen</span> <span class='ocrx_word' id='word_1_314' title='bbox 425 4240 450 4291; x_wconf 91' lang='lat' dir='ltr'><strong><em>p.</em></strong></span> <span class='ocrx_word' id='word_1_315' title='bbox 472 4223 522 4276; x_wconf 93' lang='grc'><strong><em>111</em></strong></span> <span class='ocrx_word' id='word_1_316' title='bbox 542 4237 582 4291; x_wconf 88' lang='lat' dir='ltr'>sq.</span> 
     </span>
    </p>
   </div>
   <div class='ocr_carea' id='block_1_11' title="bbox 0 0 1516 4612">
    <p class='ocr_par' dir='ltr' id='par_1_13' title="bbox 0 0 1516 4612">
     <span class='ocr_line' id='line_1_40' title="bbox 0 0 1516 4612; baseline 0 0"><span class='ocrx_word' id='word_1_317' title='bbox 0 0 1516 4612; x_wconf 95' lang='lat' dir='ltr'><strong><em> </em></strong></span> 
     </span>
    </p>
   </div>
  </div>
 </body>
</html>
