3008 4614
638 117 681 185 83

87 312 213 398 ὁπατάγρ
237 318 252 378 ὃ
276 311 344 394 ἐμὸς
366 319 424 381 aut
450 319 466 376 δ
490 314 626 398 ἡμέτερος
654 314 793 398 πρόγονος
827 321 999 383 mutarent.
1047 316 1107 399 Qui
1131 335 1242 398 quam·

19 503 20 512 ¹
87 443 174 503 qnam
199 421 364 489 orationes
387 421 570 488 Alexandri
584 441 648 489 usn
660 422 740 505 ipsis
756 423 865 491 verbis
877 430 1108 508 exposuerunt,
1131 429 1242 490 tamen

86 532 181 598 verba
203 535 219 591 t
238 526 334 610 πατὴρ
354 533 369 591 ο
394 529 470 612 ἐμὸς,
495 533 510 591 ὁ
528 529 661 612 ἡμέτερος
684 529 836 614 πρόγονος,
861 548 944 612 quae
967 529 1064 598 facile
1086 529 1242 598 memoria

86 642 242 719 tenentur,
266 635 406 702 orationi
424 654 488 702 nen
503 635 784 719 interposuissent,
808 635 873 702 nisi
896 639 937 704 ab
960 636 1029 718 ipso
1052 637 1241 704 Alexandro

88 747 191 811 esseut
213 741 371 825 proiecta.

167 849 266 932 Apud
289 845 466 916 Diodorum
491 850 629 931 denique
651 849 777 930 XVIII,
800 849 853 934 4,1
884 869 953 932 sqq.
985 851 1067 917 haee
1089 851 1242 932 leguntur

88 955 232 1036 Κράτερος
255 958 287 1018 ti
309 966 363 1020 τῶν
384 955 620 1037 ἐπιφανεστάτων
647 956 784 1040 ὑπάρχων
807 956 885 1040 turpe
908 959 1181 1037 προαπεσταλμένος
1203 961 1244 1028 είς

89 1067 216 1126 Κιλικίαν
246 1117 252 1130 .
283 1117 290 1130 .
315 1113 323 1128 .
358 1061 420 1144 ἅμα
454 1062 606 1144 δἐίληφοδς
640 1059 672 1144 ἦν
706 1063 824 1136 ἐντολάς
857 1060 1048 1146 ἐγγράπτους,
1087 1061 1123 1135 ἃς
1155 1063 1243 1126 ἔδωκε

89 1172 133 1249 pir
155 1175 170 1233 ὁ
192 1169 329 1252 βασιλεὺς
359 1171 438 1249 αὐτῷ
458 1174 633 1253 συντελέσαι,
661 1169 891 1250 μεταλλάξαντος
921 1171 952 1233 ai
974 1167 1164 1252 Ἀλεξάνδρου
1184 1182 1244 1242 τοϊς

91 1275 226 1359 διαδόχοις
260 1275 339 1350 ἔδοξε
371 1274 411 1356 μὴ
446 1281 587 1340 συντελεῖν
621 1275 657 1339 τά
692 1277 915 1360 βεβουλευμένα·
947 1281 963 1339 ὁ
994 1276 1049 1359 γάρ
1078 1282 1245 1359 Περδίκκας

90 1381 255 1466 παραλαβὼν
271 1389 300 1446 ἐκ
315 1396 374 1455 τοῖς
389 1383 574 1464 ὑπομνήμασι
596 1394 647 1446 τοῦ
661 1383 803 1466 βασιλείας
818 1421 861 1432 --
881 1421 919 1432 -
937 1379 974 1463 ἦν.
990 1385 1020 1446 ti
1046 1393 1101 1446 τῶν
1124 1389 1244 1463 ὕπομνιγ

90 1489 181 1569 μάτων
195 1489 233 1553 τά
247 1489 368 1573 με’γιστοι
384 1494 432 1552 καί
451 1489 560 1570 μνήμης
573 1488 639 1564 ἄξιοι
656 1491 725 1553 τάδε
743 1529 787 1539 -
798 1531 841 1542 -·
856 1500 908 1553 rud
923 1492 954 1553 δὲ
966 1489 1077 1571 πατρὸς
1097 1493 1245 1554 Φιλίππου

90 1597 176 1678 τάφον
198 1602 336 1677 πυραμίδι
360 1597 564 1678 παραπλήσιον
585 1608 639 1677 μιᾷ
661 1610 695 1678 τῇ
717 1602 835 1680 μεγίστῃ
856 1609 910 1660 τῶν
933 1596 1008 1660 κατά
1023 1597 1073 1678 τὴν
1087 1598 1244 1680 Αἴγυπτον.

91 1705 164 1772 Iam
187 1705 358 1789 magnifiee
382 1705 453 1772 siue
483 1706 579 1774 dubio
611 1725 674 1772 non
698 1705 888 1772 Alexander
914 1723 972 1772 rex
1003 1704 1036 1772 in
1059 1705 1244 1788 Philippum

91 1831 204 1896 regem,
238 1812 295 1878 sed
318 1810 404 1878 filius
425 1811 497 1892 pius
528 1811 562 1877 in
596 1821 721 1894 patrem
755 1830 906 1895 supremo
934 1809 1040 1879 officie
1085 1809 1243 1896 iungitur.

92 1918 177 1984 Ηεεο
200 1924 307 1986 autem
332 1919 519 1985 Alexander
542 1918 644 2002 jussit
673 1922 840 2000 verbaque
870 1928 922 1980 τοῦ
954 1917 1064 1998 πατρὸς
1099 1921 1246 1982 Φάλαικον

92 2024 213 2107 scripsit
235 2027 288 2093 vel
311 2025 411 2092 seribi
434 2043 548 2108 passus
572 2032 623 2092 est
656 2028 770 2094 eodem
800 2025 870 2091 fere
906 2033 1061 2111 tempore,
1097 2045 1160 2108 quo
1183 2025 1243 2092 fal·

94 2131 277 2198 sallustium
300 2131 382 2197 fabii
404 2131 599 2199 scribentem
622 2143 673 2195 τοῦ
695 2130 805 2216 πατρὸς
827 2138 899 2200 ἐμοῦ
921 2138 1214 2216 προσαγορευομένου.

173 2237 295 2322 Quibus
330 2257 371 2304 ex
407 2239 602 2306 testimoniis
628 2239 777 2321 equidem
811 2241 894 2306 haee
927 2240 1152 2307 concludenda
1175 2257 1247 2305 esse

92 2344 203 2432 put01).
230 2346 374 2412 Barbari
386 2347 598 2415 erediderunt
608 2347 829 2415 Alexandrum
842 2350 947 2432 deum,
965 2347 1050 2428 quod
1062 2346 1117 2414 ille
1130 2364 1246 2430 passus

174 2577 195 2644 1)
215 2577 255 2632 De
267 2577 411 2632 Alexandri
424 2578 619 2632 consecratione
632 2579 664 2635 el.
677 2576 804 2645 judicium
816 2576 952 2634 Plutarehi
966 2577 1012 2630 vit.
1022 2576 1099 2634 Alex.
1111 2577 1247 2644 xxvr11;

94 2666 186 2719 Arriani
210 2667 271 2735 VII,
299 2667 375 2736 29‚3;
399 2666 480 2720 Curtii
499 2669 537 2736 X,
562 2667 639 2736 V,18,
668 2666 713 2736 qui
729 2666 814 2736 vin,
838 2665 948 2734 vniat
976 2665 1157 2720 Alexandrum
1184 2665 1248 2719 lauit

95 2753 151 2808 haee
168 2756 310 2810 dicerem:
340 2757 430 2807 “Illud
439 2765 517 2823 paene
539 2758 644 2823 ciignum
662 2760 717 2807 risu
731 2758 798 2822 fuit,
822 2759 890 2822 quod
908 2757 1053 2805 Hermolaus
1072 2757 1247 2821 postulabam

95 2859 131 2910 να,
148 2855 178 2894 ut
193 2847 338 2897 σάυινεπνιν
357 2846 451 2914 me,
471 2848 543 2911 cusas
561 2847 658 2896 σνναιίσ
672 2861 797 2915 agnoscor.
814 2847 855 2895 An
867 2849 950 2912 ιίιὶννκ,
967 2846 1030 2911 quid
1044 2846 1071 2893 di
1080 2845 1246 2911 respmdeagrt,

95 2932 119 2980 in
135 2951 184 2985 τινα
196 2943 316 3001 potestate
333 2942 388 2984 est.)
405 2937 492 2985 obtulit
502 2951 587 2986 κοννεπ
599 2936 653 3000 filii
664 2935 727 2984 mihi
732 2949 743 2984 .·
762 2935 870 3000 recipm
888 2935 949 3002 ν’ρετζι
966 2935 1045 3000 rebus,
1066 2951 1129 2999 quus
1144 2936 1246 3000 agimus,

96 3021 157 3071 δικεί
169 3025 275 3074 alienum
284 3026 350 3089 fait.
379 3025 480 3074 Utinam
499 3025 557 3074 Indi
577 3039 669 3091 quaeque
681 3026 751 3073 dmm
765 3039 813 3073 csse
830 3038 867 3072 me
885 3022 1003 3073 credam!
1025 3023 1103 3071 Fama
1114 3023 1178 3072 enim
1190 3022 1249 3071 διίίσ

97 3121 200 3164 constant
214 3123 239 3164 et
257 3123 326 3180 saepe
344 3116 426 3174 etiam,
445 3115 512 3180 quod
517 3115 588 3180 salso
602 3116 722 3164 creditum
741 3121 778 3163 est
794 3115 850 3163 υινί
864 3114 939 3162 vicem
956 3108 1086 3164 obtintdtff’
1124 3109 1248 3164 consum

97 3200 165 3254 etiem
191 3201 307 3270 Onchas,
343 3201 394 3255 Die
421 3201 581 3258 staatslehre
609 3201 655 3254 des
687 3199 841 3254 Ansmteles
867 3199 903 3268 Π,
933 3214 959 3267 p.
988 3198 1040 3254 278
1067 3213 1105 3268 sq.
1133 3213 1157 3267 p.
1182 3197 1248 3264 2843

96 3287 214 3360 Droysen,
242 3289 319 3344 Alex.
339 3287 430 3344 Barim
459 3289 527 3346 1883
545 3307 570 3358 p.
590 3291 649 3358 215,
678 3293 704 3344 et
729 3307 754 3358 p.
779 3289 831 3344 347
851 3303 905 3360 sq.;
931 3286 1060 3356 Beurlier,
1085 3287 1127 3341 Ile
1154 3286 1248 3340 divinis

97 3376 226 3434 honoubus
245 3395 311 3448 ques
330 3383 487 3448 aeceperunt
504 3379 655 3433 Alexander
678 3381 705 3432 et
723 3392 889 3432 successores
909 3377 973 3446 ejus,
998 3393 1025 3446 p.
1045 3378 1061 3429 7
1081 3391 1137 3446 sqq.
1164 3393 1188 3445 p.
1215 3377 1245 3432 11

96 3481 144 3536 sqq.
161 3485 185 3538 p.
205 3474 239 3527 16
257 3484 298 3538 sq.
328 3486 354 3539 p.
373 3470 406 3523 21
429 3485 485 3538 sqq.
514 3485 539 3538 p.
563 3469 598 3524 25
617 3484 671 3540 sq.;
695 3467 800 3537 Nissen,
828 3466 922 3520 iiheiu.
941 3465 1010 3520 Mus.
1038 3465 1149 3535 XLVII,
1171 3465 1248 3535 1892,

96 3571 116 3624 p.
134 3557 183 3616 204
199 3574 250 3630 sq.;
270 3558 396 3612 Sebaeler
415 3557 490 3611 Dem.
513 3574 539 3615 u.
563 3557 636 3628 peine
660 3556 717 3610 Zeit
738 3557 773 3612 11.
792 3554 915 3623 Ausgabe
937 3553 989 3608 vol
1012 3553 1054 3607 III
1075 3568 1100 3622 p.
1122 3555 1183 3622 312,
1209 3567 1248 3620 sq.

97 3646 162 3713 eujus
181 3648 269 3711 verba,
288 3664 312 3717 p.
339 3649 405 3702 313:
429 3647 496 3719 ‚Von
517 3647 568 3700 den
594 3645 758 3700 Maledouan
785 3645 840 3698 und
862 3643 992 3697 Hellenen
1018 3642 1046 3694 iu
1071 3641 1118 3695 der
1142 3641 1250 3694 Heimat

99 3735 191 3789 sehemt
216 3736 369 3791 Alexander
396 3739 450 3790 erst
474 3735 541 3787 nauh
567 3735 614 3788 der
641 3733 781 3788 Riieklrehr
802 3749 854 3788 ven
885 3731 986 3786 seinem
1013 3731 1151 3784 indisehen
1179 3730 1250 3798 Zuge

98 3823 209 3888 giltbehe
224 3825 314 3880 Ebren
331 3824 464 3894 gefordert
482 3839 516 3876 zu
533 3822 636 3892 haben‘,
657 3821 722 3875 mihi
736 3821 842 3891 quidem
861 3837 913 3874 non
930 3819 1085 3890 probantum:
1100 3819 1251 3887 conjectura

100 3911 160 3964 esim
177 3915 298 3968 nituntur
323 3930 358 3969 ex
374 3911 509 3966 Plutarchi
534 3911 689 3979 Aelianique
707 3911 795 3966 verbis
818 3911 907 3979 petita,
928 3925 1003 3979 quae,
1023 3911 1054 3964 ui
1081 3924 1160 3978 supra
1187 3907 1250 3977 dixi,

99 3999 152 4055 ieta
169 4005 235 4056 sunt.
273 4002 324 4058 Sed
338 4017 373 4055 ne
399 4017 429 4055 ea
445 4002 551 4070 quidem
569 4000 702 4071 probanda
722 4002 791 4068 sunt,
813 4015 880 4067 quae
898 3997 1055 4052 Sahaelerus
1076 3997 1137 4052 ibid.
1154 4013 1179 4067 p.
1198 3998 1252 4054 315

101 4089 210 4156 conjecit:
232 4090 352 4144 Nikaner
369 4089 435 4143 wird
446 4089 560 4157 Auftrag
577 4088 673 4156 gehabt
689 4087 774 4141 haben
793 4087 840 4140 auf
857 4087 1024 4154 Gewthrung
1044 4087 1090 4140 der
1108 4085 1251 4154 gbttliebsn

102 4173 178 4233 llhren
200 4180 243 4234 fiir
262 4180 414 4235 Alexander
435 4179 463 4231 in
487 4177 678 4232 Grieehenland
707 4193 740 4230 zu
765 4175 904 4231 bestehen:
931 4191 992 4228 nam
1015 4175 1165 4242 Hyperides
1184 4171 1252 4225 κατὰ

1040 4262 1070 4316 6*
