<?xml version="1.0" encoding="UTF-8"?>
<!DOCTYPE html PUBLIC "-//W3C//DTD XHTML 1.0 Transitional//EN"
    "http://www.w3.org/TR/xhtml1/DTD/xhtml1-transitional.dtd">
<html xmlns="http://www.w3.org/1999/xhtml" xml:lang="en" lang="en">
 <head>
  <title>
</title>
<meta http-equiv="Content-Type" content="text/html;charset=utf-8" />
  <meta name='ocr-system' content='tesseract 3.04.00' />
  <meta name='ocr-capabilities' content='ocr_page ocr_carea ocr_par ocr_line ocrx_word'/>
</head>
<body>
  <div class='ocr_page' id='page_1' title='image "./dealexandriolym00zumegoog_0032.png"; bbox 0 0 3016 4612; ppageno 0'>
   <div class='ocr_carea' id='block_1_1' title="bbox 651 161 692 224">
    <p class='ocr_par' dir='ltr' id='par_1_1' title="bbox 651 161 692 224">
     <span class='ocr_line' id='line_1_1' title="bbox 651 161 692 224; baseline 0 0"><span class='ocrx_word' id='word_1_1' title='bbox 651 161 692 224; x_wconf 85' lang='lat'>21</span> 
     </span>
    </p>
   </div>
   <div class='ocr_carea' id='block_1_2' title="bbox 4 351 1274 3824">
    <p class='ocr_par' dir='ltr' id='par_1_2' title="bbox 77 351 1259 861">
     <span class='ocr_line' id='line_1_2' title="bbox 80 351 1259 440; baseline 0.002 -20"><span class='ocrx_word' id='word_1_2' title='bbox 80 354 181 420; x_wconf 89' lang='lat' dir='ltr'>novit</span> <span class='ocrx_word' id='word_1_3' title='bbox 204 354 329 421; x_wconf 77' lang='lat' dir='ltr'>Gellius</span> <span class='ocrx_word' id='word_1_4' title='bbox 353 355 408 438; x_wconf 88' lang='lat' dir='ltr'>(N.</span> <span class='ocrx_word' id='word_1_5' title='bbox 433 354 504 420; x_wconf 87' lang='lat' dir='ltr'>Att.</span> <span class='ocrx_word' id='word_1_6' title='bbox 535 354 580 438; x_wconf 91' lang='lat' dir='ltr'>V,</span> <span class='ocrx_word' id='word_1_7' title='bbox 606 352 658 437; x_wconf 83' lang='lat'>21,</span> <span class='ocrx_word' id='word_1_8' title='bbox 683 351 726 440; x_wconf 81' lang='lat'>9),</span> <span class='ocrx_word' id='word_1_9' title='bbox 759 353 925 420; x_wconf 81' lang='lat' dir='ltr'><strong>Ciceronis</strong></span> <span class='ocrx_word' id='word_1_10' title='bbox 956 353 1123 421; x_wconf 80' lang='lat' dir='ltr'>Cornelius</span> <span class='ocrx_word' id='word_1_11' title='bbox 1150 356 1259 440; x_wconf 80' lang='lat' dir='ltr'>Nepos</span> 
     </span>
     <span class='ocr_line' id='line_1_3' title="bbox 78 457 1257 546; baseline 0.001 -21"><span class='ocrx_word' id='word_1_12' title='bbox 78 461 227 544; x_wconf 80' lang='lat' dir='ltr'>(Attinas</span> <span class='ocrx_word' id='word_1_13' title='bbox 250 460 341 542; x_wconf 87' lang='lat' dir='ltr'><strong>XVI,</strong></span> <span class='ocrx_word' id='word_1_14' title='bbox 366 463 386 527; x_wconf 87' lang='lat'><strong>3</strong></span> <span class='ocrx_word' id='word_1_15' title='bbox 410 458 483 545; x_wconf 91' lang='lat' dir='ltr'>sq.).</span> <span class='ocrx_word' id='word_1_16' title='bbox 531 458 645 526; x_wconf 74' lang='lat' dir='ltr'>Cicero</span> <span class='ocrx_word' id='word_1_17' title='bbox 669 458 723 546; x_wconf 90' lang='lat' dir='ltr'>(de</span> <span class='ocrx_word' id='word_1_18' title='bbox 739 457 790 526; x_wconf 86' lang='lat' dir='ltr'>off.</span> <span class='ocrx_word' id='word_1_19' title='bbox 813 458 858 542; x_wconf 92' lang='grc' dir='ltr'>ΙΙ,</span> <span class='ocrx_word' id='word_1_20' title='bbox 885 460 937 544; x_wconf 89' lang='grc'>14,</span> <span class='ocrx_word' id='word_1_21' title='bbox 962 461 1020 544; x_wconf 90' lang='grc'>48)</span> <span class='ocrx_word' id='word_1_22' title='bbox 1044 461 1257 544; x_wconf 82' lang='lat' dir='ltr'>epistularum</span> 
     </span>
     <span class='ocr_line' id='line_1_4' title="bbox 79 564 1257 649; baseline 0.001 -17"><span class='ocrx_word' id='word_1_23' title='bbox 79 585 224 649; x_wconf 91' lang='lat' dir='ltr'>corpora</span> <span class='ocrx_word' id='word_1_24' title='bbox 260 565 391 633; x_wconf 87' lang='lat' dir='ltr'>novisse</span> <span class='ocrx_word' id='word_1_25' title='bbox 420 565 550 632; x_wconf 86' lang='lat' dir='ltr'>videtur</span> <span class='ocrx_word' id='word_1_26' title='bbox 582 570 616 631; x_wconf 89' lang='lat' dir='ltr'>et</span> <span class='ocrx_word' id='word_1_27' title='bbox 644 564 809 649; x_wconf 83' lang='lat' dir='ltr'>Diogenes</span> <span class='ocrx_word' id='word_1_28' title='bbox 845 565 1009 640; x_wconf 81' lang='lat' dir='ltr'>Laertius,</span> <span class='ocrx_word' id='word_1_29' title='bbox 1047 566 1102 646; x_wconf 87' lang='lat' dir='ltr'>qui</span> <span class='ocrx_word' id='word_1_30' title='bbox 1139 567 1257 633; x_wconf 89' lang='lat' dir='ltr'>multas</span> 
     </span>
     <span class='ocr_line' id='line_1_5' title="bbox 77 670 1257 757; baseline 0.001 -19"><span class='ocrx_word' id='word_1_31' title='bbox 77 672 179 738; x_wconf 91' lang='lat' dir='ltr'>nobis</span> <span class='ocrx_word' id='word_1_32' title='bbox 203 670 351 740; x_wconf 87' lang='lat' dir='ltr'>servavit</span> <span class='ocrx_word' id='word_1_33' title='bbox 374 670 542 755; x_wconf 79' lang='lat' dir='ltr'>epistulas,</span> <span class='ocrx_word' id='word_1_34' title='bbox 568 689 653 752; x_wconf 88' lang='lat' dir='ltr'>quae</span> <span class='ocrx_word' id='word_1_35' title='bbox 677 677 736 736; x_wconf 86' lang='lat' dir='ltr'>aut</span> <span class='ocrx_word' id='word_1_36' title='bbox 759 689 800 736; x_wconf 86' lang='lat' dir='ltr'>ex</span> <span class='ocrx_word' id='word_1_37' title='bbox 825 671 1041 754; x_wconf 78' lang='lat' dir='ltr'>epistularum</span> <span class='ocrx_word' id='word_1_38' title='bbox 1066 672 1257 757; x_wconf 90' lang='lat' dir='ltr'>corporibus</span> 
     </span>
     <span class='ocr_line' id='line_1_6' title="bbox 80 775 1003 861; baseline 0 -19"><span class='ocrx_word' id='word_1_39' title='bbox 80 779 300 861; x_wconf 85' lang='lat' dir='ltr'>depromptae</span> <span class='ocrx_word' id='word_1_40' title='bbox 324 782 401 843; x_wconf 91' lang='lat' dir='ltr'>sunt</span> <span class='ocrx_word' id='word_1_41' title='bbox 424 783 482 843; x_wconf 87' lang='lat' dir='ltr'>aut</span> <span class='ocrx_word' id='word_1_42' title='bbox 506 776 656 860; x_wconf 86' lang='lat' dir='ltr'>singulae</span> <span class='ocrx_word' id='word_1_43' title='bbox 680 775 1003 844; x_wconf 78' lang='lat' dir='ltr'>circumferebantur.</span> 
     </span>
    </p>

    <p class='ocr_par' dir='ltr' id='par_1_3' title="bbox 4 882 1259 3611">
     <span class='ocr_line' id='line_1_7' title="bbox 174 882 1258 966; baseline 0 -17"><span class='ocrx_word' id='word_1_44' title='bbox 174 885 227 949; x_wconf 87' lang='lat' dir='ltr'>Ex</span> <span class='ocrx_word' id='word_1_45' title='bbox 250 883 301 948; x_wconf 92' lang='lat' dir='ltr'>his</span> <span class='ocrx_word' id='word_1_46' title='bbox 324 882 427 965; x_wconf 88' lang='lat' dir='ltr'>igitur</span> <span class='ocrx_word' id='word_1_47' title='bbox 458 882 646 966; x_wconf 92' lang='lat' dir='ltr'>corporibus</span> <span class='ocrx_word' id='word_1_48' title='bbox 679 887 832 966; x_wconf 90' lang='lat' dir='ltr'>poterant</span> <span class='ocrx_word' id='word_1_49' title='bbox 863 882 1037 964; x_wconf 78' lang='lat' dir='ltr'>scriptores</span> <span class='ocrx_word' id='word_1_50' title='bbox 1068 883 1258 965; x_wconf 86' lang='lat' dir='ltr'>posterioris</span> 
     </span>
     <span class='ocr_line' id='line_1_8' title="bbox 78 988 1258 1072; baseline 0.001 -18"><span class='ocrx_word' id='word_1_51' title='bbox 78 989 206 1055; x_wconf 83' lang='lat' dir='ltr'>aetatis</span> <span class='ocrx_word' id='word_1_52' title='bbox 252 988 408 1071; x_wconf 88' lang='lat' dir='ltr'>epistulas</span> <span class='ocrx_word' id='word_1_53' title='bbox 455 990 657 1071; x_wconf 90' lang='lat' dir='ltr'>depromere.</span> <span class='ocrx_word' id='word_1_54' title='bbox 711 989 802 1072; x_wconf 79' lang='lat' dir='ltr'>Quae</span> <span class='ocrx_word' id='word_1_55' title='bbox 842 1007 912 1054; x_wconf 89' lang='lat' dir='ltr'>oum</span> <span class='ocrx_word' id='word_1_56' title='bbox 951 988 1070 1054; x_wconf 88' lang='lat' dir='ltr'>multas</span> <span class='ocrx_word' id='word_1_57' title='bbox 1109 988 1258 1055; x_wconf 87' lang='lat' dir='ltr'>subditas</span> 
     </span>
     <span class='ocr_line' id='line_1_9' title="bbox 80 1091 1256 1177; baseline 0.002 -19"><span class='ocrx_word' id='word_1_58' title='bbox 80 1093 247 1176; x_wconf 88' lang='lat' dir='ltr'>epistulas</span> <span class='ocrx_word' id='word_1_59' title='bbox 277 1095 492 1176; x_wconf 88' lang='lat' dir='ltr'>praeberent,</span> <span class='ocrx_word' id='word_1_60' title='bbox 524 1097 678 1176; x_wconf 89' lang='lat' dir='ltr'>poterant</span> <span class='ocrx_word' id='word_1_61' title='bbox 705 1094 834 1175; x_wconf 90' lang='lat' dir='ltr'>quidem</span> <span class='ocrx_word' id='word_1_62' title='bbox 866 1091 917 1158; x_wconf 90' lang='lat' dir='ltr'>illi</span> <span class='ocrx_word' id='word_1_63' title='bbox 940 1094 1117 1177; x_wconf 88' lang='lat' dir='ltr'>scriptores</span> <span class='ocrx_word' id='word_1_64' title='bbox 1142 1095 1256 1177; x_wconf 85' lang='lat' dir='ltr'>decipi,</span> 
     </span>
     <span class='ocr_line' id='line_1_10' title="bbox 79 1199 1257 1282; baseline 0.001 -16"><span class='ocrx_word' id='word_1_65' title='bbox 79 1201 139 1266; x_wconf 89' lang='lat' dir='ltr'>sed</span> <span class='ocrx_word' id='word_1_66' title='bbox 164 1218 228 1266; x_wconf 90' lang='lat' dir='ltr'>nec</span> <span class='ocrx_word' id='word_1_67' title='bbox 253 1218 363 1268; x_wconf 91' lang='lat' dir='ltr'>omnes</span> <span class='ocrx_word' id='word_1_68' title='bbox 386 1218 446 1268; x_wconf 90' lang='lat' dir='ltr'>nec</span> <span class='ocrx_word' id='word_1_69' title='bbox 470 1218 598 1282; x_wconf 87' lang='lat' dir='ltr'>semper</span> <span class='ocrx_word' id='word_1_70' title='bbox 615 1200 744 1281; x_wconf 91' lang='lat' dir='ltr'>decepti</span> <span class='ocrx_word' id='word_1_71' title='bbox 760 1206 852 1266; x_wconf 90' lang='lat' dir='ltr'>sunt:</span> <span class='ocrx_word' id='word_1_72' title='bbox 877 1207 973 1266; x_wconf 92' lang='lat' dir='ltr'>erant</span> <span class='ocrx_word' id='word_1_73' title='bbox 989 1199 1074 1266; x_wconf 86' lang='lat' dir='ltr'>enirn</span> <span class='ocrx_word' id='word_1_74' title='bbox 1091 1199 1146 1282; x_wconf 88' lang='lat' dir='ltr'>qui</span> <span class='ocrx_word' id='word_1_75' title='bbox 1161 1217 1257 1268; x_wconf 85' lang='lat' dir='ltr'>veras</span> 
     </span>
     <span class='ocr_line' id='line_1_11' title="bbox 78 1305 1257 1388; baseline 0.001 -17"><span class='ocrx_word' id='word_1_76' title='bbox 78 1326 98 1371; x_wconf 91' lang='lat' dir='ltr'>a</span> <span class='ocrx_word' id='word_1_77' title='bbox 122 1305 312 1372; x_wconf 90' lang='lat' dir='ltr'>subditiciis</span> <span class='ocrx_word' id='word_1_78' title='bbox 335 1305 572 1388; x_wconf 85' lang='lat' dir='ltr'>dijudicarent;</span> <span class='ocrx_word' id='word_1_79' title='bbox 596 1306 688 1375; x_wconf 86' lang='lat' dir='ltr'>velut</span> <span class='ocrx_word' id='word_1_80' title='bbox 707 1305 922 1388; x_wconf 88' lang='lat' dir='ltr'>Apollonides</span> <span class='ocrx_word' id='word_1_81' title='bbox 936 1305 1137 1386; x_wconf 84' lang='lat' dir='ltr'>Nicaeensis,</span> <span class='ocrx_word' id='word_1_82' title='bbox 1163 1324 1257 1387; x_wconf 87' lang='lat' dir='ltr'>quern</span> 
     </span>
     <span class='ocr_line' id='line_1_12' title="bbox 79 1410 1258 1498; baseline 0 -22"><span class='ocrx_word' id='word_1_83' title='bbox 79 1412 357 1479; x_wconf 88' lang='lat' dir='ltr'>Westermannns</span> <span class='ocrx_word' id='word_1_84' title='bbox 367 1411 392 1498; x_wconf 86' lang='lat'>¹)</span> <span class='ocrx_word' id='word_1_85' title='bbox 415 1410 545 1492; x_wconf 83' lang='lat' dir='ltr'>attulit3</span> <span class='ocrx_word' id='word_1_86' title='bbox 568 1411 754 1478; x_wconf 87' lang='lat' dir='ltr'>Demetrius</span> <span class='ocrx_word' id='word_1_87' title='bbox 777 1411 929 1493; x_wconf 86' lang='lat' dir='ltr'>Magnes,</span> <span class='ocrx_word' id='word_1_88' title='bbox 956 1412 997 1477; x_wconf 92' lang='lat' dir='ltr'>de</span> <span class='ocrx_word' id='word_1_89' title='bbox 1021 1430 1084 1493; x_wconf 87' lang='lat' dir='ltr'>quo</span> <span class='ocrx_word' id='word_1_90' title='bbox 1108 1413 1258 1478; x_wconf 82' lang='lat' dir='ltr'>conteras</span> 
     </span>
     <span class='ocr_line' id='line_1_13' title="bbox 78 1513 1258 1601; baseline 0.003 -20"><span class='ocrx_word' id='word_1_91' title='bbox 78 1517 266 1600; x_wconf 89' lang='lat' dir='ltr'>Diogenem</span> <span class='ocrx_word' id='word_1_92' title='bbox 288 1517 459 1583; x_wconf 89' lang='lat' dir='ltr'>Laertium</span> <span class='ocrx_word' id='word_1_93' title='bbox 490 1515 516 1600; x_wconf 97' lang='lat' dir='ltr'>I,</span> <span class='ocrx_word' id='word_1_94' title='bbox 543 1515 594 1600; x_wconf 88' lang='lat'>10,</span> <span class='ocrx_word' id='word_1_95' title='bbox 619 1513 651 1583; x_wconf 90' lang='lat'>8.</span> <span class='ocrx_word' id='word_1_96' title='bbox 698 1516 916 1600; x_wconf 78' lang='lat' dir='ltr'>Theophrasti</span> <span class='ocrx_word' id='word_1_97' title='bbox 946 1516 1062 1583; x_wconf 91' lang='lat' dir='ltr'>librum</span> <span class='ocrx_word' id='word_1_98' title='bbox 1094 1519 1135 1584; x_wconf 92' lang='lat' dir='ltr'>de</span> <span class='ocrx_word' id='word_1_99' title='bbox 1157 1537 1258 1601; x_wconf 89' lang='lat' dir='ltr'>regno</span> 
     </span>
     <span class='ocr_line' id='line_1_14' title="bbox 79 1621 1259 1710; baseline 0.002 -22"><span class='ocrx_word' id='word_1_100' title='bbox 79 1625 121 1688; x_wconf 88' lang='lat' dir='ltr'>ad</span> <span class='ocrx_word' id='word_1_101' title='bbox 139 1623 365 1690; x_wconf 81' lang='lat' dir='ltr'>Cassandrum</span> <span class='ocrx_word' id='word_1_102' title='bbox 389 1622 520 1690; x_wconf 89' lang='lat' dir='ltr'>missum</span> <span class='ocrx_word' id='word_1_103' title='bbox 540 1629 625 1689; x_wconf 86' lang='lat' dir='ltr'>teste</span> <span class='ocrx_word' id='word_1_104' title='bbox 641 1623 813 1689; x_wconf 84' lang='lat' dir='ltr'>Athenaeo</span> <span class='ocrx_word' id='word_1_105' title='bbox 837 1623 908 1707; x_wconf 87' lang='lat' dir='ltr'>(IV,</span> <span class='ocrx_word' id='word_1_106' title='bbox 932 1621 984 1706; x_wconf 77' lang='lat'>25,</span> <span class='ocrx_word' id='word_1_107' title='bbox 1011 1623 1102 1710; x_wconf 73' lang='lat'>1440)</span> <span class='ocrx_word' id='word_1_108' title='bbox 1125 1621 1259 1690; x_wconf 81' lang='lat' dir='ltr'>inerunt</span> 
     </span>
     <span class='ocr_line' id='line_1_15' title="bbox 80 1728 1257 1811; baseline 0.001 -18"><span class='ocrx_word' id='word_1_109' title='bbox 80 1729 136 1809; x_wconf 87' lang='lat' dir='ltr'>qui</span> <span class='ocrx_word' id='word_1_110' title='bbox 160 1729 197 1794; x_wconf 90' lang='lat' dir='ltr'>in</span> <span class='ocrx_word' id='word_1_111' title='bbox 222 1728 406 1796; x_wconf 76' lang='lat' dir='ltr'>subdiIIciis</span> <span class='ocrx_word' id='word_1_112' title='bbox 430 1738 600 1811; x_wconf 89' lang='lat' dir='ltr'>ponerent.</span> <span class='ocrx_word' id='word_1_113' title='bbox 647 1729 697 1795; x_wconf 92' lang='lat' dir='ltr'>De</span> <span class='ocrx_word' id='word_1_114' title='bbox 719 1729 863 1798; x_wconf 86' lang='lat' dir='ltr'>veritate</span> <span class='ocrx_word' id='word_1_115' title='bbox 887 1729 1049 1810; x_wconf 88' lang='lat' dir='ltr'>epistulae</span> <span class='ocrx_word' id='word_1_116' title='bbox 1065 1728 1194 1794; x_wconf 79' lang='lat' dir='ltr'>Crateri</span> <span class='ocrx_word' id='word_1_117' title='bbox 1216 1730 1257 1794; x_wconf 90' lang='lat' dir='ltr'>ad</span> 
     </span>
     <span class='ocr_line' id='line_1_16' title="bbox 77 1831 1258 1917; baseline 0 -17"><span class='ocrx_word' id='word_1_118' title='bbox 77 1847 222 1900; x_wconf 85' lang='lat' dir='ltr'>matrem</span> <span class='ocrx_word' id='word_1_119' title='bbox 255 1836 353 1900; x_wconf 84' lang='lat' dir='ltr'>datae</span> <span class='ocrx_word' id='word_1_120' title='bbox 381 1833 534 1901; x_wconf 88' lang='lat' dir='ltr'>dubitare</span> <span class='ocrx_word' id='word_1_121' title='bbox 562 1833 695 1902; x_wconf 84' lang='lat' dir='ltr'>videtur</span> <span class='ocrx_word' id='word_1_122' title='bbox 726 1833 846 1901; x_wconf 83' lang='lat' dir='ltr'>Strabo</span> <span class='ocrx_word' id='word_1_123' title='bbox 877 1832 953 1917; x_wconf 87' lang='lat' dir='ltr'>XV,</span> <span class='ocrx_word' id='word_1_124' title='bbox 984 1831 1058 1917; x_wconf 79' lang='lat'>702,</span> <span class='ocrx_word' id='word_1_125' title='bbox 1084 1831 1135 1900; x_wconf 78' lang='lat'>35.</span> <span class='ocrx_word' id='word_1_126' title='bbox 1180 1834 1258 1915; x_wconf 89' lang='lat' dir='ltr'>lpse</span> 
     </span>
     <span class='ocr_line' id='line_1_17' title="bbox 77 1939 1257 2022; baseline -0.001 -15"><span class='ocrx_word' id='word_1_127' title='bbox 77 1940 283 2007; x_wconf 86' lang='lat' dir='ltr'>Plutarchus</span> <span class='ocrx_word' id='word_1_128' title='bbox 306 1958 534 2021; x_wconf 90' lang='lat' dir='ltr'>nonnunquam</span> <span class='ocrx_word' id='word_1_129' title='bbox 559 1940 691 2006; x_wconf 87' lang='lat' dir='ltr'>dubitat</span> <span class='ocrx_word' id='word_1_130' title='bbox 708 1941 748 2006; x_wconf 91' lang='lat' dir='ltr'>de</span> <span class='ocrx_word' id='word_1_131' title='bbox 765 1939 910 2008; x_wconf 87' lang='lat' dir='ltr'>veritate</span> <span class='ocrx_word' id='word_1_132' title='bbox 927 1939 1150 2022; x_wconf 88' lang='lat' dir='ltr'>epistularum,</span> <span class='ocrx_word' id='word_1_133' title='bbox 1176 1957 1257 2019; x_wconf 90' lang='lat' dir='ltr'>quas</span> 
     </span>
     <span class='ocr_line' id='line_1_18' title="bbox 6 2041 1258 2130; baseline -0.002 -19"><span class='ocrx_word' id='word_1_134' title='bbox 6 2073 7 2076; x_wconf 45' lang='lat'>¹</span> <span class='ocrx_word' id='word_1_135' title='bbox 77 2045 220 2130; x_wconf 80' lang='lat' dir='ltr'>profert,</span> <span class='ocrx_word' id='word_1_136' title='bbox 245 2046 338 2113; x_wconf 78' lang='lat' dir='ltr'>velut</span> <span class='ocrx_word' id='word_1_137' title='bbox 353 2048 411 2114; x_wconf 87' lang='lat' dir='ltr'>vit.</span> <span class='ocrx_word' id='word_1_138' title='bbox 434 2045 580 2129; x_wconf 78' lang='lat' dir='ltr'>Lycurgi</span> <span class='ocrx_word' id='word_1_139' title='bbox 597 2047 691 2128; x_wconf 88' lang='lat' dir='ltr'>XIX,</span> <span class='ocrx_word' id='word_1_140' title='bbox 715 2045 750 2111; x_wconf 77' lang='lat'>4:</span> <span class='ocrx_word' id='word_1_141' title='bbox 776 2049 841 2126; x_wconf 76' lang='grc' dir='ltr'><strong><em>περὶ</em></strong></span> <span class='ocrx_word' id='word_1_142' title='bbox 864 2047 916 2123; x_wconf 75' lang='grc' dir='ltr'>μὲν</span> <span class='ocrx_word' id='word_1_143' title='bbox 939 2041 988 2108; x_wconf 74' lang='lat' dir='ltr'>oia</span> <span class='ocrx_word' id='word_1_144' title='bbox 1012 2045 1117 2109; x_wconf 70' lang='lat' dir='ltr'>roiam</span> <span class='ocrx_word' id='word_1_145' title='bbox 1140 2049 1189 2106; x_wconf 85' lang='grc' dir='ltr'>καὶ</span> <span class='ocrx_word' id='word_1_146' title='bbox 1203 2055 1258 2108; x_wconf 70' lang='grc' dir='ltr'>τῶν</span> 
     </span>
     <span class='ocr_line' id='line_1_19' title="bbox 4 2149 1256 2232; baseline 0.002 -19"><span class='ocrx_word' id='word_1_147' title='bbox 4 2153 6 2159; x_wconf 67' lang='lat'><em>&#39;</em></span> <span class='ocrx_word' id='word_1_148' title='bbox 77 2153 219 2214; x_wconf 67' lang='grc' dir='ltr'>τοιούτων</span> <span class='ocrx_word' id='word_1_149' title='bbox 246 2155 402 2216; x_wconf 69' lang='grc' dir='ltr'><strong><em>ἐπιστολῶν</em></strong></span> <span class='ocrx_word' id='word_1_150' title='bbox 431 2151 496 2215; x_wconf 76' lang='grc' dir='ltr'><em>οὔτε</em></span> <span class='ocrx_word' id='word_1_151' title='bbox 527 2153 689 2231; x_wconf 80' lang='grc' dir='ltr'><strong><em>ἀπιστῆσαι</em></strong></span> <span class='ocrx_word' id='word_1_152' title='bbox 724 2150 825 2232; x_wconf 72' lang='grc' dir='ltr'><em>ῥᾴδιον</em></span> <span class='ocrx_word' id='word_1_153' title='bbox 859 2149 924 2214; x_wconf 70' lang='lat' dir='ltr'>aiae</span> <span class='ocrx_word' id='word_1_154' title='bbox 958 2162 1121 2218; x_wconf 76' lang='grc' dir='ltr'><strong><em>πιστεῦσαι.</em></strong></span> <span class='ocrx_word' id='word_1_155' title='bbox 1167 2150 1256 2218; x_wconf 78' lang='lat' dir='ltr'>Idem</span> 
     </span>
     <span class='ocr_line' id='line_1_20' title="bbox 79 2253 1257 2344; baseline -0.006 -20"><span class='ocrx_word' id='word_1_156' title='bbox 79 2259 153 2343; x_wconf 90' lang='lat' dir='ltr'>(vit.</span> <span class='ocrx_word' id='word_1_157' title='bbox 183 2257 279 2326; x_wconf 91' lang='lat' dir='ltr'>Bruti</span> <span class='ocrx_word' id='word_1_158' title='bbox 303 2257 395 2338; x_wconf 84' lang='lat' dir='ltr'>LIII,</span> <span class='ocrx_word' id='word_1_159' title='bbox 420 2256 454 2344; x_wconf 80' lang='lat'>5)</span> <span class='ocrx_word' id='word_1_160' title='bbox 478 2259 519 2323; x_wconf 92' lang='lat' dir='ltr'>de</span> <span class='ocrx_word' id='word_1_161' title='bbox 537 2257 630 2324; x_wconf 91' lang='lat' dir='ltr'>Bruti</span> <span class='ocrx_word' id='word_1_162' title='bbox 647 2256 788 2340; x_wconf 90' lang='lat' dir='ltr'>epistula</span> <span class='ocrx_word' id='word_1_163' title='bbox 812 2256 907 2325; x_wconf 88' lang='lat' dir='ltr'>dicit:</span> <span class='ocrx_word' id='word_1_164' title='bbox 932 2255 1012 2336; x_wconf 75' lang='lat' dir='ltr'>aium</span> <span class='ocrx_word' id='word_1_165' title='bbox 1036 2253 1096 2338; x_wconf 80' lang='grc' dir='ltr'>ἄρα</span> <span class='ocrx_word' id='word_1_166' title='bbox 1120 2266 1173 2318; x_wconf 67' lang='grc' dir='ltr'>τῶν</span> <span class='ocrx_word' id='word_1_167' title='bbox 1195 2279 1257 2338; x_wconf 73' lang='lat' dir='ltr'>yvp-</span> 
     </span>
     <span class='ocr_line' id='line_1_21' title="bbox 4 2362 1255 2450; baseline 0.003 -25"><span class='ocrx_word' id='word_1_168' title='bbox 4 2381 6 2391; x_wconf 73' lang='lat'>‘</span> <span class='ocrx_word' id='word_1_169' title='bbox 81 2369 150 2426; x_wconf 76' lang='grc' dir='ltr'><strong><em>σίων</em></strong></span> <span class='ocrx_word' id='word_1_170' title='bbox 178 2369 255 2425; x_wconf 73' lang='grc' dir='ltr'><strong><em>ἐστίν</em></strong></span> <span class='ocrx_word' id='word_1_171' title='bbox 279 2362 324 2450; x_wconf 77' lang='grc' dir='ltr'>(τὸ</span> <span class='ocrx_word' id='word_1_172' title='bbox 345 2363 528 2450; x_wconf 71' lang='grc' dir='ltr'><strong><em>ἐπιπόλιον).</em></strong></span> <span class='ocrx_word' id='word_1_173' title='bbox 576 2363 664 2430; x_wconf 79' lang='lat' dir='ltr'>Idem</span> <span class='ocrx_word' id='word_1_174' title='bbox 681 2363 755 2448; x_wconf 76' lang='lat' dir='ltr'>(rit.</span> <span class='ocrx_word' id='word_1_175' title='bbox 773 2365 851 2445; x_wconf 79' lang='lat' dir='ltr'>Lys.</span> <span class='ocrx_word' id='word_1_176' title='bbox 868 2362 961 2443; x_wconf 89' lang='lat' dir='ltr'>XIV,</span> <span class='ocrx_word' id='word_1_177' title='bbox 986 2363 1022 2448; x_wconf 89' lang='lat'>4)</span> <span class='ocrx_word' id='word_1_178' title='bbox 1039 2364 1080 2428; x_wconf 86' lang='lat' dir='ltr'>de</span> <span class='ocrx_word' id='word_1_179' title='bbox 1098 2363 1255 2446; x_wconf 75' lang='lat' dir='ltr'>epistulis,</span> 
     </span>
     <span class='ocr_line' id='line_1_22' title="bbox 5 2463 1256 2554; baseline -0.002 -17"><span class='ocrx_word' id='word_1_180' title='bbox 5 2503 6 2510; x_wconf 51' lang='lat'>.</span> <span class='ocrx_word' id='word_1_181' title='bbox 81 2489 164 2552; x_wconf 86' lang='lat' dir='ltr'>quas</span> <span class='ocrx_word' id='word_1_182' title='bbox 191 2471 365 2554; x_wconf 86' lang='lat' dir='ltr'>Lysander</span> <span class='ocrx_word' id='word_1_183' title='bbox 401 2476 435 2536; x_wconf 92' lang='lat' dir='ltr'>et</span> <span class='ocrx_word' id='word_1_184' title='bbox 453 2463 581 2551; x_wconf 77' lang='lat' dir='ltr'>&#39;ephori</span> <span class='ocrx_word' id='word_1_185' title='bbox 608 2469 696 2536; x_wconf 87' lang='lat' dir='ltr'>inter</span> <span class='ocrx_word' id='word_1_186' title='bbox 724 2487 759 2534; x_wconf 90' lang='lat' dir='ltr'>se</span> <span class='ocrx_word' id='word_1_187' title='bbox 784 2468 912 2534; x_wconf 86' lang='lat' dir='ltr'>dedisse</span> <span class='ocrx_word' id='word_1_188' title='bbox 936 2468 1137 2550; x_wconf 87' lang='lat' dir='ltr'>ferebantur,</span> <span class='ocrx_word' id='word_1_189' title='bbox 1162 2467 1256 2534; x_wconf 91' lang='lat' dir='ltr'>dicit:</span> 
     </span>
     <span class='ocr_line' id='line_1_23' title="bbox 6 2571 1256 2657; baseline -0.002 -21"><span class='ocrx_word' id='word_1_190' title='bbox 6 2616 8 2618; x_wconf 28' lang='grc' dir='ltr'>ψ</span> <span class='ocrx_word' id='word_1_191' title='bbox 75 2576 149 2636; x_wconf 82' lang='grc' dir='ltr'><strong><em>Ἀλλ’</em></strong></span> <span class='ocrx_word' id='word_1_192' title='bbox 181 2575 353 2655; x_wconf 65' lang='lat' dir='ltr'>adnotandae</span> <span class='ocrx_word' id='word_1_193' title='bbox 375 2573 458 2657; x_wconf 69' lang='grc' dir='ltr'><strong><em>χάριν</em></strong></span> <span class='ocrx_word' id='word_1_194' title='bbox 482 2571 565 2646; x_wconf 74' lang='grc' dir='ltr'><em>οὗτος</em></span> <span class='ocrx_word' id='word_1_195' title='bbox 588 2579 604 2638; x_wconf 87' lang='grc' dir='ltr'><strong>ὁ</strong></span> <span class='ocrx_word' id='word_1_196' title='bbox 629 2573 712 2656; x_wconf 73' lang='grc' dir='ltr'><strong><em>λόγος</em></strong></span> <span class='ocrx_word' id='word_1_197' title='bbox 727 2577 902 2639; x_wconf 70' lang='grc' dir='ltr'><strong><em>πέπλασται.</em></strong></span> <span class='ocrx_word' id='word_1_198' title='bbox 941 2573 1036 2640; x_wconf 86' lang='lat' dir='ltr'>Unde</span> <span class='ocrx_word' id='word_1_199' title='bbox 1052 2575 1256 2655; x_wconf 80' lang='lat' dir='ltr'>perspicuum</span> 
     </span>
     <span class='ocr_line' id='line_1_24' title="bbox 82 2678 1257 2767; baseline -0.001 -20"><span class='ocrx_word' id='word_1_200' title='bbox 82 2694 134 2748; x_wconf 87' lang='lat' dir='ltr'>est</span> <span class='ocrx_word' id='word_1_201' title='bbox 161 2684 449 2749; x_wconf 88' lang='lat' dir='ltr'>Westermannnm</span> <span class='ocrx_word' id='word_1_202' title='bbox 474 2681 607 2767; x_wconf 89' lang='lat' dir='ltr'>(ibidem</span> <span class='ocrx_word' id='word_1_203' title='bbox 632 2681 675 2764; x_wconf 91' lang='lat' dir='ltr'>Il,</span> <span class='ocrx_word' id='word_1_204' title='bbox 701 2701 730 2763; x_wconf 92' lang='lat' dir='ltr'>p.</span> <span class='ocrx_word' id='word_1_205' title='bbox 756 2678 792 2765; x_wconf 83' lang='lat'>6)</span> <span class='ocrx_word' id='word_1_206' title='bbox 814 2699 879 2746; x_wconf 94' lang='lat' dir='ltr'>non</span> <span class='ocrx_word' id='word_1_207' title='bbox 903 2698 981 2748; x_wconf 89' lang='lat' dir='ltr'>vere</span> <span class='ocrx_word' id='word_1_208' title='bbox 996 2679 1159 2760; x_wconf 84' lang='lat' dir='ltr'>judicasse</span> <span class='ocrx_word' id='word_1_209' title='bbox 1175 2678 1257 2746; x_wconf 84' lang='lat' dir='ltr'>talla</span> 
     </span>
     <span class='ocr_line' id='line_1_25' title="bbox 81 2785 1257 2870; baseline -0.001 -17"><span class='ocrx_word' id='word_1_210' title='bbox 81 2787 342 2869; x_wconf 85' lang='lat' dir='ltr'>ascriptoribus</span> <span class='ocrx_word' id='word_1_211' title='bbox 376 2792 512 2870; x_wconf 87' lang='lat' dir='ltr'>arrepta</span> <span class='ocrx_word' id='word_1_212' title='bbox 546 2793 647 2868; x_wconf 88' lang='lat' dir='ltr'>atque</span> <span class='ocrx_word' id='word_1_213' title='bbox 682 2793 864 2869; x_wconf 88' lang='lat' dir='ltr'>propagata</span> <span class='ocrx_word' id='word_1_214' title='bbox 897 2803 986 2866; x_wconf 89' lang='lat' dir='ltr'>esse;</span> <span class='ocrx_word' id='word_1_215' title='bbox 1016 2803 1120 2866; x_wconf 92' lang='lat' dir='ltr'>neque</span> <span class='ocrx_word' id='word_1_216' title='bbox 1150 2785 1257 2852; x_wconf 91' lang='lat' dir='ltr'>minus</span> 
     </span>
     <span class='ocr_line' id='line_1_26' title="bbox 80 2891 1256 2979; baseline -0.002 -21"><span class='ocrx_word' id='word_1_217' title='bbox 80 2894 165 2960; x_wconf 87' lang='lat' dir='ltr'>idern</span> <span class='ocrx_word' id='word_1_218' title='bbox 185 2893 306 2960; x_wconf 92' lang='lat' dir='ltr'>ibidem</span> <span class='ocrx_word' id='word_1_219' title='bbox 327 2893 371 2979; x_wconf 94' lang='lat' dir='ltr'>(p.</span> <span class='ocrx_word' id='word_1_220' title='bbox 388 2891 422 2979; x_wconf 80' lang='grc'>7)</span> <span class='ocrx_word' id='word_1_221' title='bbox 438 2911 459 2958; x_wconf 91' lang='lat' dir='ltr'>a</span> <span class='ocrx_word' id='word_1_222' title='bbox 475 2893 618 2960; x_wconf 86' lang='lat' dir='ltr'>veritate</span> <span class='ocrx_word' id='word_1_223' title='bbox 635 2894 801 2972; x_wconf 89' lang='lat' dir='ltr'>abhorret,</span> <span class='ocrx_word' id='word_1_224' title='bbox 820 2893 906 2973; x_wconf 91' lang='lat' dir='ltr'>quod</span> <span class='ocrx_word' id='word_1_225' title='bbox 922 2893 1097 2958; x_wconf 88' lang='lat' dir='ltr'>Arrianum</span> <span class='ocrx_word' id='word_1_226' title='bbox 1115 2899 1149 2957; x_wconf 90' lang='lat' dir='ltr'>et</span> <span class='ocrx_word' id='word_1_227' title='bbox 1165 2891 1256 2957; x_wconf 77' lang='lat' dir='ltr'>Pruc</span> 
     </span>
     <span class='ocr_line' id='line_1_27' title="bbox 5 2996 1257 3082; baseline 0 -18"><span class='ocrx_word' id='word_1_228' title='bbox 5 3021 6 3024; x_wconf 44' lang='lat'>¹</span> <span class='ocrx_word' id='word_1_229' title='bbox 80 3001 220 3066; x_wconf 90' lang='lat' dir='ltr'>archum</span> <span class='ocrx_word' id='word_1_230' title='bbox 237 2998 419 3067; x_wconf 79' lang='lat' dir='ltr'>Alexandri</span> <span class='ocrx_word' id='word_1_231' title='bbox 443 3000 601 3081; x_wconf 87' lang='lat' dir='ltr'>epistulas</span> <span class='ocrx_word' id='word_1_232' title='bbox 625 2999 798 3082; x_wconf 86' lang='lat' dir='ltr'>protuIIsae</span> <span class='ocrx_word' id='word_1_233' title='bbox 821 2998 912 3082; x_wconf 88' lang='lat' dir='ltr'>dicit,</span> <span class='ocrx_word' id='word_1_234' title='bbox 937 3006 974 3065; x_wconf 89' lang='lat' dir='ltr'>ut</span> <span class='ocrx_word' id='word_1_235' title='bbox 993 2999 1090 3065; x_wconf 91' lang='lat' dir='ltr'>rebus</span> <span class='ocrx_word' id='word_1_236' title='bbox 1107 2996 1257 3079; x_wconf 87' lang='lat' dir='ltr'>quamvis</span> 
     </span>
     <span class='ocr_line' id='line_1_28' title="bbox 81 3102 1256 3186; baseline -0.002 -16"><span class='ocrx_word' id='word_1_237' title='bbox 81 3104 332 3171; x_wconf 87' lang='lat' dir='ltr'>incredibilibus</span> <span class='ocrx_word' id='word_1_238' title='bbox 347 3104 445 3172; x_wconf 90' lang='lat' dir='ltr'>fidem</span> <span class='ocrx_word' id='word_1_239' title='bbox 462 3104 621 3172; x_wconf 84' lang='lat' dir='ltr'>iacerent.</span> <span class='ocrx_word' id='word_1_240' title='bbox 647 3105 807 3172; x_wconf 85' lang='lat' dir='ltr'>Arrianus</span> <span class='ocrx_word' id='word_1_241' title='bbox 824 3104 909 3172; x_wconf 89' lang='lat' dir='ltr'>enim</span> <span class='ocrx_word' id='word_1_242' title='bbox 925 3122 1091 3185; x_wconf 89' lang='lat' dir='ltr'>nunquam</span> <span class='ocrx_word' id='word_1_243' title='bbox 1107 3102 1256 3186; x_wconf 89' lang='lat' dir='ltr'>epistulis</span> 
     </span>
     <span class='ocr_line' id='line_1_29' title="bbox 83 3207 1256 3288; baseline -0.002 -12"><span class='ocrx_word' id='word_1_244' title='bbox 83 3210 266 3278; x_wconf 84' lang='lat' dir='ltr'>Alexandri</span> <span class='ocrx_word' id='word_1_245' title='bbox 290 3229 343 3279; x_wconf 86' lang='lat' dir='ltr'>res</span> <span class='ocrx_word' id='word_1_246' title='bbox 366 3211 576 3278; x_wconf 90' lang='lat' dir='ltr'>incredibiles</span> <span class='ocrx_word' id='word_1_247' title='bbox 593 3207 779 3288; x_wconf 78' lang='lat' dir='ltr'>&#39;confirmat</span> <span class='ocrx_word' id='word_1_248' title='bbox 802 3211 1000 3278; x_wconf 83' lang='lat' dir='ltr'>Plutarchus</span> <span class='ocrx_word' id='word_1_249' title='bbox 1024 3228 1104 3279; x_wconf 91' lang='lat' dir='ltr'>vero</span> <span class='ocrx_word' id='word_1_250' title='bbox 1127 3210 1168 3274; x_wconf 87' lang='lat' dir='ltr'>iis</span> <span class='ocrx_word' id='word_1_251' title='bbox 1191 3227 1256 3275; x_wconf 95' lang='lat' dir='ltr'>non</span> 
     </span>
     <span class='ocr_line' id='line_1_30' title="bbox 7 3312 1255 3397; baseline -0.001 -16"><span class='ocrx_word' id='word_1_252' title='bbox 7 3312 9 3314; x_wconf 71' lang='grc'>’</span> <span class='ocrx_word' id='word_1_253' title='bbox 83 3317 186 3382; x_wconf 90' lang='lat' dir='ltr'>solum</span> <span class='ocrx_word' id='word_1_254' title='bbox 209 3335 274 3383; x_wconf 93' lang='lat' dir='ltr'>non</span> <span class='ocrx_word' id='word_1_255' title='bbox 298 3315 468 3383; x_wconf 88' lang='lat' dir='ltr'>confirmat</span> <span class='ocrx_word' id='word_1_256' title='bbox 491 3335 544 3382; x_wconf 87' lang='lat' dir='ltr'>res</span> <span class='ocrx_word' id='word_1_257' title='bbox 567 3314 790 3397; x_wconf 81' lang='lat' dir='ltr'>incredibsses,</span> <span class='ocrx_word' id='word_1_258' title='bbox 822 3316 1001 3383; x_wconf 87' lang='lat' dir='ltr'>sedetiam</span> <span class='ocrx_word' id='word_1_259' title='bbox 1025 3334 1255 3396; x_wconf 90' lang='lat' dir='ltr'>nonnunquam</span> 
     </span>
     <span class='ocr_line' id='line_1_31' title="bbox 83 3420 1254 3504; baseline -0.001 -18"><span class='ocrx_word' id='word_1_260' title='bbox 83 3420 217 3501; x_wconf 85' lang='lat' dir='ltr'>refellit,</span> <span class='ocrx_word' id='word_1_261' title='bbox 248 3422 340 3489; x_wconf 87' lang='lat' dir='ltr'>velut</span> <span class='ocrx_word' id='word_1_262' title='bbox 363 3421 421 3490; x_wconf 91' lang='lat' dir='ltr'>vit.</span> <span class='ocrx_word' id='word_1_263' title='bbox 444 3422 539 3488; x_wconf 86' lang='lat' dir='ltr'>Alex.</span> <span class='ocrx_word' id='word_1_264' title='bbox 564 3420 680 3504; x_wconf 83' lang='lat' dir='ltr'>XVII;</span> <span class='ocrx_word' id='word_1_265' title='bbox 711 3420 794 3503; x_wconf 82' lang='lat' dir='ltr'>XX3</span> <span class='ocrx_word' id='word_1_266' title='bbox 825 3420 949 3487; x_wconf 88' lang='lat' dir='ltr'>XLVI.</span> <span class='ocrx_word' id='word_1_267' title='bbox 974 3420 1126 3488; x_wconf 86' lang='lat' dir='ltr'>conferas</span> <span class='ocrx_word' id='word_1_268' title='bbox 1156 3421 1254 3486; x_wconf 87' lang='lat' dir='ltr'>etiarn</span> 
     </span>
     <span class='ocr_line' id='line_1_32' title="bbox 84 3526 779 3611; baseline -0.003 -18"><span class='ocrx_word' id='word_1_269' title='bbox 84 3526 230 3611; x_wconf 88' lang='lat' dir='ltr'>XXVII,</span> <span class='ocrx_word' id='word_1_270' title='bbox 255 3529 295 3593; x_wconf 93' lang='lat' dir='ltr'>de</span> <span class='ocrx_word' id='word_1_271' title='bbox 319 3547 382 3608; x_wconf 87' lang='lat' dir='ltr'>qua</span> <span class='ocrx_word' id='word_1_272' title='bbox 405 3546 463 3595; x_wconf 91' lang='lat' dir='ltr'>suo</span> <span class='ocrx_word' id='word_1_273' title='bbox 486 3529 558 3594; x_wconf 89' lang='lat' dir='ltr'>loco</span> <span class='ocrx_word' id='word_1_274' title='bbox 582 3529 779 3594; x_wconf 83' lang='lat' dir='ltr'>accuratius.</span> 
     </span>
    </p>

    <p class='ocr_par' dir='ltr' id='par_1_4' title="bbox 84 3617 1274 3824">
     <span class='ocr_line' id='line_1_33' title="bbox 173 3617 1274 3717; baseline -0.004 -17"><span class='ocrx_word' id='word_1_275' title='bbox 173 3635 239 3700; x_wconf 83' lang='lat' dir='ltr'>Sed</span> <span class='ocrx_word' id='word_1_276' title='bbox 262 3651 371 3701; x_wconf 89' lang='lat' dir='ltr'>rerum</span> <span class='ocrx_word' id='word_1_277' title='bbox 394 3634 570 3716; x_wconf 86' lang='lat' dir='ltr'>scriptores</span> <span class='ocrx_word' id='word_1_278' title='bbox 594 3633 656 3700; x_wconf 92' lang='lat' dir='ltr'>etsi</span> <span class='ocrx_word' id='word_1_279' title='bbox 680 3631 841 3717; x_wconf 89' lang='lat' dir='ltr'>epistulas</span> <span class='ocrx_word' id='word_1_280' title='bbox 857 3632 1006 3698; x_wconf 86' lang='lat' dir='ltr'>subditas</span> <span class='ocrx_word' id='word_1_281' title='bbox 1022 3631 1201 3715; x_wconf 89' lang='lat' dir='ltr'>arripuisse</span> <span class='ocrx_word' id='word_1_282' title='bbox 1216 3617 1274 3697; x_wconf 86' lang='lat' dir='ltr'>ac</span> 
     </span>
     <span class='ocr_line' id='line_1_34' title="bbox 84 3738 1256 3824; baseline -0.003 -19"><span class='ocrx_word' id='word_1_283' title='bbox 84 3758 286 3824; x_wconf 81' lang='lat' dir='ltr'>propagasse</span> <span class='ocrx_word' id='word_1_284' title='bbox 308 3755 372 3806; x_wconf 90' lang='lat' dir='ltr'>non</span> <span class='ocrx_word' id='word_1_285' title='bbox 395 3740 561 3822; x_wconf 86' lang='lat' dir='ltr'>videntur,</span> <span class='ocrx_word' id='word_1_286' title='bbox 585 3746 705 3818; x_wconf 88' lang='lat' dir='ltr'>tamen,</span> <span class='ocrx_word' id='word_1_287' title='bbox 731 3757 802 3805; x_wconf 88' lang='lat' dir='ltr'>curn</span> <span class='ocrx_word' id='word_1_288' title='bbox 826 3738 1039 3822; x_wconf 78' lang='lat' dir='ltr'>epistularum</span> <span class='ocrx_word' id='word_1_289' title='bbox 1064 3738 1256 3820; x_wconf 83' lang='lat' dir='ltr'>corporibus</span> 
     </span>
    </p>
   </div>
   <div class='ocr_carea' id='block_1_3' title="bbox 86 3865 299 3875">
    <p class='ocr_par' dir='ltr' id='par_1_5' title="bbox 86 3865 299 3875">
     <span class='ocr_line' id='line_1_35' title="bbox 86 3865 299 3875; baseline 0.019 -4"><span class='ocrx_word' id='word_1_290' title='bbox 86 3865 299 3875; x_wconf 44' lang='grc' dir='ltr'>ᾕ-</span> 
     </span>
    </p>
   </div>
   <div class='ocr_carea' id='block_1_4' title="bbox 86 3909 1256 4248">
    <p class='ocr_par' dir='ltr' id='par_1_6' title="bbox 86 3909 1256 4248">
     <span class='ocr_line' id='line_1_36' title="bbox 174 3909 1255 3985; baseline -0.004 -17"><span class='ocrx_word' id='word_1_291' title='bbox 174 3915 194 3984; x_wconf 88' lang='lat'>¹)</span> <span class='ocrx_word' id='word_1_292' title='bbox 206 3915 272 3970; x_wconf 91' lang='lat' dir='ltr'>Ibid.</span> <span class='ocrx_word' id='word_1_293' title='bbox 287 3915 308 3984; x_wconf 93' lang='lat' dir='ltr'>I,</span> <span class='ocrx_word' id='word_1_294' title='bbox 322 3933 346 3985; x_wconf 92' lang='lat' dir='ltr'>p.</span> <span class='ocrx_word' id='word_1_295' title='bbox 362 3918 403 3972; x_wconf 73' lang='lat'>12.</span> <span class='ocrx_word' id='word_1_296' title='bbox 414 3914 526 3970; x_wconf 69' lang='grc' dir='ltr'>Νικαεὺς</span> <span class='ocrx_word' id='word_1_297' title='bbox 536 3931 581 3984; x_wconf 82' lang='lat' dir='ltr'>pro</span> <span class='ocrx_word' id='word_1_298' title='bbox 590 3913 696 3982; x_wconf 69' lang='lat' dir='ltr'>[impete</span> <span class='ocrx_word' id='word_1_299' title='bbox 709 3913 814 3984; x_wconf 85' lang='lat' dir='ltr'>scripsit</span> <span class='ocrx_word' id='word_1_300' title='bbox 823 3912 963 3968; x_wconf 88' lang='lat' dir='ltr'>Bentleins</span> <span class='ocrx_word' id='word_1_301' title='bbox 975 3913 1056 3982; x_wconf 82' lang='lat' dir='ltr'>(Dias.</span> <span class='ocrx_word' id='word_1_302' title='bbox 1061 3912 1095 3966; x_wconf 89' lang='lat' dir='ltr'>de</span> <span class='ocrx_word' id='word_1_303' title='bbox 1107 3909 1255 3965; x_wconf 83' lang='lat' dir='ltr'>Phalaridis</span> 
     </span>
     <span class='ocr_line' id='line_1_37' title="bbox 86 3999 1256 4074; baseline -0.002 -21"><span class='ocrx_word' id='word_1_304' title='bbox 86 4005 112 4054; x_wconf 89' lang='lat' dir='ltr'>et</span> <span class='ocrx_word' id='word_1_305' title='bbox 129 4002 239 4056; x_wconf 85' lang='lat' dir='ltr'>aliorum</span> <span class='ocrx_word' id='word_1_306' title='bbox 263 4003 380 4073; x_wconf 89' lang='lat' dir='ltr'>epistulis</span> <span class='ocrx_word' id='word_1_307' title='bbox 399 4021 423 4074; x_wconf 91' lang='lat' dir='ltr'>p.</span> <span class='ocrx_word' id='word_1_308' title='bbox 449 4005 482 4068; x_wconf 72' lang='lat' dir='ltr'>ll</span> <span class='ocrx_word' id='word_1_309' title='bbox 509 4004 550 4057; x_wconf 88' lang='lat' dir='ltr'>ed.</span> <span class='ocrx_word' id='word_1_310' title='bbox 574 4003 666 4072; x_wconf 87' lang='lat' dir='ltr'>Llps.),</span> <span class='ocrx_word' id='word_1_311' title='bbox 690 4017 770 4072; x_wconf 88' lang='lat' dir='ltr'>qnam</span> <span class='ocrx_word' id='word_1_312' title='bbox 788 4002 968 4069; x_wconf 86' lang='lat' dir='ltr'>conjecturam</span> <span class='ocrx_word' id='word_1_313' title='bbox 990 4000 1110 4069; x_wconf 84' lang='lat' dir='ltr'>probarit</span> <span class='ocrx_word' id='word_1_314' title='bbox 1134 3999 1256 4052; x_wconf 86' lang='lat' dir='ltr'>Weater·</span> 
     </span>
     <span class='ocr_line' id='line_1_38' title="bbox 86 4087 1256 4161; baseline -0.002 -19"><span class='ocrx_word' id='word_1_315' title='bbox 86 4105 196 4144; x_wconf 89' lang='lat' dir='ltr'>mannus</span> <span class='ocrx_word' id='word_1_316' title='bbox 214 4091 276 4146; x_wconf 91' lang='lat' dir='ltr'>ibid.</span> <span class='ocrx_word' id='word_1_317' title='bbox 289 4108 349 4146; x_wconf 85' lang='lat' dir='ltr'>ann.</span> <span class='ocrx_word' id='word_1_318' title='bbox 369 4092 411 4147; x_wconf 87' lang='grc'>38.</span> <span class='ocrx_word' id='word_1_319' title='bbox 442 4092 483 4146; x_wconf 89' lang='lat' dir='ltr'>De</span> <span class='ocrx_word' id='word_1_320' title='bbox 495 4089 651 4161; x_wconf 83' lang='lat' dir='ltr'>Apollonide</span> <span class='ocrx_word' id='word_1_321' title='bbox 666 4090 699 4143; x_wconf 84' lang='lat' dir='ltr'>cf.</span> <span class='ocrx_word' id='word_1_322' title='bbox 714 4090 869 4158; x_wconf 78' lang='lat' dir='ltr'>scnptorem</span> <span class='ocrx_word' id='word_1_323' title='bbox 883 4089 953 4143; x_wconf 87' lang='lat' dir='ltr'>vitae</span> <span class='ocrx_word' id='word_1_324' title='bbox 965 4088 1040 4142; x_wconf 85' lang='lat' dir='ltr'>Arati</span> <span class='ocrx_word' id='word_1_325' title='bbox 1053 4087 1125 4157; x_wconf 89' lang='lat' dir='ltr'>apud</span> <span class='ocrx_word' id='word_1_326' title='bbox 1133 4087 1256 4141; x_wconf 85' lang='lat' dir='ltr'>Weeter-</span> 
     </span>
     <span class='ocr_line' id='line_1_39' title="bbox 86 4176 1192 4248; baseline -0.003 -18"><span class='ocrx_word' id='word_1_327' title='bbox 86 4179 357 4248; x_wconf 63' lang='lat' dir='ltr'>manumulierum</span> <span class='ocrx_word' id='word_1_328' title='bbox 377 4180 519 4248; x_wconf 84' lang='lat' dir='ltr'>scriptores</span> <span class='ocrx_word' id='word_1_329' title='bbox 529 4178 623 4233; x_wconf 83' lang='lat' dir='ltr'>Graeci</span> <span class='ocrx_word' id='word_1_330' title='bbox 641 4179 766 4246; x_wconf 81' lang='lat' dir='ltr'>mInores,</span> <span class='ocrx_word' id='word_1_331' title='bbox 784 4176 949 4245; x_wconf 83' lang='lat' dir='ltr'>Brunsvigaa</span> <span class='ocrx_word' id='word_1_332' title='bbox 968 4177 1038 4233; x_wconf 79' lang='lat'>1845</span> <span class='ocrx_word' id='word_1_333' title='bbox 1056 4191 1080 4244; x_wconf 84' lang='lat' dir='ltr'>p.</span> <span class='ocrx_word' id='word_1_334' title='bbox 1100 4177 1134 4232; x_wconf 79' lang='lat'>55</span> <span class='ocrx_word' id='word_1_335' title='bbox 1153 4191 1192 4243; x_wconf 87' lang='lat' dir='ltr'>sq.</span> 
     </span>
    </p>
   </div>
   <div class='ocr_carea' id='block_1_5' title="bbox 0 0 1512 4612">
    <p class='ocr_par' dir='ltr' id='par_1_7' title="bbox 0 0 1512 4612">
     <span class='ocr_line' id='line_1_40' title="bbox 0 0 1512 4612; baseline 0 0"><span class='ocrx_word' id='word_1_336' title='bbox 0 0 1512 4612; x_wconf 95' lang='lat' dir='ltr'> </span> 
     </span>
    </p>
   </div>
  </div>
 </body>
</html>
