3008 4614
804 131 868 202 102

410 329 535 400 veteris
558 329 649 397 anuli
672 349 801 414 gemma
823 328 1029 413 obsignabat,
1053 328 1104 413 iis,
1129 348 1210 414 quas
1239 329 1272 396 iu
1303 329 1415 396 Asiam

411 434 582 516 scriberet,
606 436 709 505 Darei
733 439 849 506 anulus
871 435 1130 520 imprimebatur.

340 563 390 628 De
420 560 470 627 bis
499 559 603 628 durtii
633 561 743 631 verbis
773 561 905 648 supra1)
936 578 1042 642 panea
1070 560 1156 643 dixi,
1184 559 1238 626 bie
1266 578 1309 626 ue
1341 559 1417 642 quid

251 668 507 750 praetermisisse
536 668 653 739 ridear
680 666 818 735 Lueiani
848 665 1002 754 (Ῥητόρων
1034 666 1220 748 διδασκαλος,
1249 665 1282 751 5)
1315 668 1418 733 verba

252 771 396 844 aderam.

411 929 477 1017 ἦρχε
496 931 549 1013 μέν
571 933 626 1017 γὰρ
649 930 701 1016 ἢδη
716 939 838 1016 Περσῶν
854 933 1043 1015 Ἀλέξανδρος
1064 931 1137 1012 μετὰ
1158 931 1208 1013 τὴν
1231 939 1260 995 έν
1270 932 1418 1016 Ἀρβήλοις

409 1040 501 1123 μάχην
523 1044 648 1121 Δαρεῖον
670 1037 850 1120 καθῃρηκώς·
886 1037 944 1102 ἔδει
978 1041 1010 1101 dl
1047 1033 1213 1123 πανταχόσε
1246 1048 1295 1118 τῆς
1331 1040 1417 1121 ἀρχῆς

411 1152 527 1209 διαθεῖν
541 1145 608 1219 τοὺς
622 1146 884 1232 γραμματοφόρους
905 1143 943 1208 τοὶ
959 1146 1138 1228 ἐπιτάγματα
1160 1157 1211 1209 τοῦ
1228 1143 1417 1223 Ἀλεξάνδρον

410 1251 587 1331 κομίζοντας.

251 1410 518 1583 ΧΙΠΑΙῖρζΒετὲιέιί
541 1412 584 1477 ad
605 1413 743 1480 ilienses
767 1415 879 1480 datam
908 1411 1082 1496 epistulam
1113 1417 1272 1478 memorat
1296 1410 1416 1478 Strabo

339 1565 347 1600 ,
438 1569 447 1602 ,
494 1570 500 1583 .

414 1673 469 1755 Ῥέην
484 1677 515 1738 dt
534 1686 587 1739 τῶν
598 1676 702 1738 Ἰλιέων
723 1676 805 1740 πόλιν
826 1687 880 1740 τῶν
902 1687 950 1740 νῦν
971 1681 1043 1749 τέως
1064 1679 1116 1756 μέν
1138 1677 1229 1757 κώμην
1252 1675 1328 1740 εἶναί
1343 1697 1417 1757 φασι

408 1780 440 1846 τὸ
464 1779 540 1864 ἱερὸν
562 1780 684 1864 ἔχουσαν
702 1793 750 1862 τῆς
761 1782 890 1861 Ἀθηνᾶς
908 1781 1011 1862 μικρὸν
1026 1786 1074 1846 καὶ
1090 1779 1207 1864 εὐτελές,
1229 1783 1258 1846 Ἀ
1264 1783 1417 1864 λέξανδρον

409 1890 440 1951 δέ
474 1888 622 1971 ἀναβάντα
654 1887 727 1967 μετὰ
760 1885 809 1966 τὴν
832 1893 878 1950 dai
908 1893 1042 1967 Γρανίκῳ
1074 1893 1151 1969 νέκην
1184 1889 1363 1971 ἀναθήμασί
1386 1912 1416 1951 τε

409 2004 554 2075 κοσμῆσαι
579 1994 612 2057 τὸ
635 1992 711 2077 ἱερὸν
733 1998 783 2056 καὶ
805 2005 1040 2077 προσαγορεῦσαι
1062 1993 1146 2058 πόλιν
1168 2000 1216 2058 καὶ
1239 2001 1416 2075 οἰκοδομίαις

409 2101 563 2183 ἀναλαβεῖν
589 2099 752 2176 προστάξαι
781 2113 841 2172 τοῖς
875 2103 1054 2181 ἐπιμεληταῖς
1084 2104 1241 2181 ἐλευθέραν
1268 2125 1300 2165 τε
1323 2114 1416 2183 κρῖναι
1490 2151 1491 2178 3

409 2212 458 2270 καὶ
492 2205 613 2291 ἄφορον
645 2204 764 2290 ὕστερον
794 2209 825 2270 dt
854 2207 928 2287 μετὰ
956 2206 1005 2288 την
1028 2206 1185 2270 κατάλυσιν
1206 2219 1261 2272 τῶν
1294 2215 1418 2292 Περσῶν
1489 2195 1492 2312 ρ

409 2314 559 2395 επιστολὴν
582 2320 774 2396 καταπέμψαι
798 2313 1013 2396 φιλάνθρωπον,
1037 2312 1260 2397 ὑπισχνούμενον
1283 2316 1365 2378 πόλιν
1386 2337 1415 2376 τε
1488 2313 1491 2450 1

408 2431 526 2500 ποιῆσαι
577 2417 700 2502 μεγάλην
752 2425 801 2483 καὶ
850 2419 925 2503 ἱερὸν
969 2420 1176 2501 ἐπισημότατον
1227 2425 1277 2484 καὶ
1323 2422 1416 2502 ἀγῶνα

409 2528 570 2602 ἀποδείξειν
592 2525 677 2609 ἱερόν.

256 2690 335 2757 Cum
360 2689 547 2756 Alexander
570 2689 670 2756 etiam
693 2689 879 2756 irremotis
902 2687 1088 2772 regionibus
1104 2689 1203 2755 urbes
1219 2687 1415 2766 eoudrderit,

213 2889 215 2894 Ι
252 2816 318 2864 nou
346 2797 463 2863 mirum
493 2798 577 2878 quod
607 2796 703 2862 Ibam
736 2801 917 2880 opportuno
948 2796 1020 2862 loeo
1050 2795 1149 2863 situm
1178 2794 1416 2876 homericisque
1486 2813 1488 2926 ρ

250 2903 446 2971 carminibus
469 2903 716 2988 celebratumi),
747 2901 1044 2970 substructionibus
1067 2903 1186 2970 reiecit
1209 2901 1415 2985 epistuleque

251 3010 296 3074 ad
318 3007 456 3076 Ilienses
484 3010 564 3076 data
586 3027 621 3075 se
645 3009 758 3076 urbem
785 3027 896 3076 eorum
927 3027 1078 3092 magnam
1108 3008 1312 3076 redditurum
1344 3029 1414 3093 pro·

249 3113 346 3181 misit.
393 3115 586 3182 Strabonem
610 3122 719 3182 autem
742 3115 916 3199 epistulam
940 3134 982 3182 ex
1005 3117 1117 3183 eodem
1141 3114 1234 3183 fonte
1256 3115 1412 3194 hausisse,

250 3239 291 3287 ex
321 3240 383 3303 quo
414 3220 647 3305 narrationem,
678 3222 721 3289 ad
752 3241 850 3304 quam
884 3221 1025 3304 epistula
1058 3221 1215 3305 adjuncta
1244 3225 1306 3306 est,
1342 3240 1413 3306 per·

250 3325 385 3411 spitiiur
409 3345 450 3393 ex
473 3325 645 3397 infinitivis
669 3338 822 3408 κοσμῆσαι,
849 3338 1082 3412 προσαγορεῦσαι
1108 3326 1279 3410 προστάξαι,
1309 3339 1411 3410 κρῖναι,

249 3431 400 3514 επιστολὴν
422 3439 621 3519 καταπέμψαι,
646 3437 702 3517 qui
725 3453 766 3501 ex
787 3437 887 3505 verbo
911 3439 985 3516 φασὶ
1006 3436 1161 3518 pendent.

338 3541 454 3608 Strabo
485 3542 531 3621 V,
563 3537 675 3625 2325,
708 3542 764 3608 ubi
794 3544 833 3610 de
855 3539 1044 3610 Antiatibus
1067 3548 1198 3624 narrat,
1230 3540 1411 3608 Menandri

249 3649 293 3714 ad
315 3646 478 3714 Romanos
503 3645 675 3729 epistulam
699 3656 867 3717 memorat.

407 3792 456 3850 aei
486 3789 625 3871 πρότερον
657 3792 687 3852 di
715 3802 783 3864 ναῦς
805 3796 950 3870 ἐκέκτηντο
974 3789 1154 3877 (Antiates)
1177 3794 1227 3852 καὶ
1250 3789 1410 3854 έκοινῶνοον

247 3985 459 3999 Ἠ

338 4089 349 4118 1

337 4089 456 4244 giuti?
467 4104 546 4244 vsillgo
564 4176 720 4231 credebatur
737 4175 802 4230 illud
820 4191 879 4232 esse
897 4177 977 4232 Ilium
995 4178 1174 4233 Homericum.
