3016 4612
689 187 730 252 67

597 279 810 290 ...n—..-

112 378 182 444 hac
216 380 358 461 epistula
389 382 549 464 copiosius
581 391 812 468 exposuerunt,
841 383 1052 465 breviterque
1083 386 1216 468 exponit
1238 406 1287 467 ea,

113 502 204 564 qnae
240 487 327 568 apud
362 485 543 554 Diodorum
577 488 658 570 ipsis
692 489 803 556 verbis
838 489 1018 557 Alexandri
1051 491 1215 575 leguntur,
1255 499 1290 558 et

114 591 285 678 Θηβαίωνῑ)
298 612 357 678 pro
370 599 474 674 troyae
490 594 577 678 dicit,
593 595 800 679 perspicuum
817 601 869 662 est
883 615 1000 680 parum
1014 603 1107 663 recte
1122 596 1288 679 jndicasse

111 695 405 766 Westermannum
418 700 683 784 Kaerstiumqne,
708 719 841 783 quorum
858 702 944 770 alter
960 701 1128 786 epistulas,
1153 721 1289 783 quarum

110 801 193 870 ions
209 823 251 870 ex
266 804 446 872 Plutarcho
470 824 535 872 non
559 807 766 890 perspicitur,
791 825 832 873 ex
855 807 1034 891 farragine,
1059 826 1156 890 quam
1179 814 1288 894 vocat,

111 910 329 992 depromptas
350 929 422 978 esse
446 911 535 995 dicit,
560 912 647 978 alter
670 913 839 996 epistulas,
863 932 948 994 quae
970 915 1059 995 apud
1074 914 1288 981 Plutarchum

111 1016 265 1084 breviter
281 1016 450 1100 expositae
465 1024 550 1100 sunt,
574 1026 633 1085 ant
647 1037 721 1084 cnm
736 1019 892 1086 memoria
908 1019 1095 1102 discrepare
1119 1022 1286 1100 videntur,

110 1118 147 1186 in
174 1121 358 1190 subditiciis
381 1125 483 1207 ponit.

204 1245 346 1312 Praeter
368 1263 425 1312 eas
441 1246 608 1334 epistulas,
633 1266 714 1328 quas
729 1248 887 1314 hactenns
899 1246 1043 1329 exposui,
1067 1257 1101 1316 et
1116 1250 1287 1332 epistulam

110 1351 298 1417 Alexandri
325 1353 368 1418 ad
395 1353 541 1418 Dareum
568 1355 688 1435 datam,
724 1354 766 1418 de
801 1371 865 1433 qua
900 1353 964 1420 alio
999 1354 1069 1421 loco
1101 1355 1286 1441 disputabo,

110 1455 275 1537 leguntur
310 1461 395 1540 apud
422 1459 637 1527 Plutarchum
672 1458 834 1542 epistulae
865 1461 960 1542 duae,
992 1460 1098 1526 altera
1128 1462 1169 1527 de
1195 1463 1288 1529 libris

111 1563 359 1644 acroamaticis,
395 1583 475 1646 quos
508 1571 639 1650 vocant,
673 1567 718 1632 ad
748 1563 960 1631 Aristotelem
984 1567 1071 1651 data,
1107 1568 1212 1634 altera
1245 1571 1288 1634 de

112 1669 215 1735 Samo
237 1669 347 1736 insula
370 1673 412 1738 ad
434 1672 665 1751 Athenienses,
697 1690 780 1753 qnae
811 1673 854 1737 ab
885 1671 1044 1754 epistulis,
1075 1692 1158 1753 quas
1189 1692 1288 1755 supra

111 1775 223 1850 attuli,
248 1777 345 1859 longe
370 1775 534 1844 differunt.
581 1778 663 1843 illae
687 1777 773 1843 enim
796 1778 859 1842 etsi
872 1777 1012 1859 exempli
1028 1784 1087 1843 aut
1110 1779 1288 1845 testimonii

111 1900 218 1947 cansa
257 1900 486 1964 nonnunquam
519 1885 741 1967 proferuntur,
778 1889 889 1949 tamen
925 1881 997 1949 cum
1031 1883 1284 1968 narrationibus

111 1989 235 2066 quibus
258 1989 474 2071 interpositae
497 1995 581 2071 sunt,
607 1993 800 2071 cohaerent,
825 1989 911 2055 unde
934 1989 1155 2072 perspeximus
1186 2009 1242 2058 eas
1266 2011 1287 2058 a

11 2149 12 2168 ,
112 2111 226 2159 rerum
259 2095 475 2179 scriptoribus
506 2096 687 2162 Alexandri
715 2095 907 2177 aequalibus
935 2096 1110 2161 memoriae
1141 2097 1288 2178 proditas

111 2198 233 2282 inisse,
249 2200 311 2266 hae
327 2202 376 2268 ita
391 2200 611 2285 proferuntur,
629 2207 666 2268 ut
682 2207 845 2286 appareat
856 2203 1069 2269 Plutarchum
1080 2219 1137 2268 eas
1153 2202 1286 2270 aliunde

10 2305 12 2394 l
111 2305 242 2390 petitas
266 2307 308 2373 ad
331 2308 555 2375 narrationem
571 2307 773 2391 adjunxisse,
798 2308 832 2374 in
855 2307 920 2374 illis
937 2309 1092 2374 derebus
1118 2307 1287 2376 vilissimis

10 2417 11 2444 ³
110 2413 307 2496 plerumque
331 2421 364 2480 at
387 2434 501 2496 parum
534 2414 622 2480 notis
657 2415 815 2499 scriptum
843 2422 901 2497 est,
932 2416 972 2480 de
1008 2416 1127 2496 quibus
1160 2414 1287 2482 falsarii

10 2525 11 2536 ³
112 2520 307 2584 memoriam
333 2521 524 2602 explorasse
548 2521 605 2588 vix
626 2520 773 2606 potuisse
796 2519 968 2600 videntur;
991 2524 1025 2585 in
1048 2521 1099 2586 1118
1123 2522 1164 2586 de
1187 2523 1286 2588 robus

111 2625 204 2690 notis
228 2633 328 2706 atque
351 2626 557 2710 pervulgatis
581 2627 739 2710 scriptum
763 2635 823 2712 est,
848 2627 888 2692 de
913 2628 1028 2706 quibus
1045 2625 1174 2692 falsarii
1188 2626 1286 2693 facile

112 2732 259 2798 scribere
283 2738 452 2816 poterant;
480 2731 609 2799 illarum
633 2733 774 2814 denique
799 2737 991 2815 argumenta
1015 2750 1088 2798 cum
1103 2733 1286 2799 Alexandri

111 2837 259 2920 ingenio,
282 2838 425 2905 moribus
450 2845 550 2920 atque
573 2838 809 2905 consuetudine
837 2845 914 2920 apte
943 2844 1146 2922 congruunt3
1170 2840 1285 2906 harum

112 2965 134 3010 a
159 2949 278 3010 natura
301 2946 371 3029 ejus
402 2945 588 3011 abhorrent.
636 2945 763 3012 Harum
798 2944 1012 3026 epistularum
1047 2945 1186 3010 alteram
1219 2963 1285 3011 una

113 3069 190 3116 oum
213 3049 405 3116 Aristotelis
433 3051 476 3117 ad
510 3051 736 3118 Alexandrum
771 3049 913 3132 epistula
946 3050 1059 3117 attulit
1087 3051 1285 3118 Plutarchus

111 3155 174 3222 vit.
199 3155 295 3222 Alex.
320 3157 397 3222 VII.
429 3158 609 3237 Utriusque
629 3157 789 3240 epistulae
813 3156 973 3239 exempla,
998 3163 1083 3222 teste
1108 3156 1214 3223 Gellio
1244 3157 1284 3223 N.

112 3260 199 3341 Ata,
224 3258 300 3329 XX.
330 3261 404 3342 5‚11
430 3283 479 3345 sq.
503 3281 545 3330 ex
567 3263 747 3330 Andronici
778 3262 899 3328 Rhodii
925 3261 1009 3328 libro
1041 3267 1171 3345 sumpta
1203 3263 1286 3328 haec

114 3365 245 3454 sunt²):

205 3583 228 3651 ²)
246 3581 366 3636 Pridicus
385 3582 456 3649 (ibid.
476 3599 501 3652 p.
520 3581 567 3648 37)
582 3581 644 3635 dicit
657 3581 723 3635 haec
737 3580 874 3637 Plutarchi
886 3580 968 3634 verba
980 3579 1094 3632 alterum
1103 3577 1284 3632 testimonium

114 3687 182 3742 esee,
201 3687 237 3725 ex
255 3687 306 3740 quo
325 3671 520 3740 apertissImnm
539 3670 575 3723 sit
593 3671 671 3723 aliam
689 3669 766 3738 plura
783 3669 811 3722 in
830 3668 974 3723 Alexandri
998 3667 1081 3720 edicto
1106 3667 1195 3719 fuisse.
1232 3666 1285 3720 Sed

114 3763 136 3812 si
155 3759 292 3814 Plutarchi
309 3760 391 3814 verba
409 3775 469 3814 oum
487 3759 519 3812 iis
538 3758 793 3827 comparaverimus,
816 3773 885 3827 qnae
903 3757 973 3825 apud
990 3755 1134 3810 Diodorum
1151 3754 1284 3823 legnntrn,

115 3849 199 3916 primo
217 3847 354 3902 oculorum
373 3848 467 3901 obtutu
485 3847 678 3916 perspiciemus
696 3845 867 3900 Plutarchum
886 3861 947 3898 cum
965 3845 1078 3898 Diodoro
1096 3858 1204 3912 prorsus
1223 3859 1284 3896 con-

114 3937 221 3996 sentire.
240 3936 291 3989 nisi
310 3936 386 4004 quod,
404 3951 497 3989 vocem
515 3933 617 4002 ὄναγῶν
636 3935 664 3986 111
675 3935 797 4002 Θηβαίων
806 3933 927 3987 mutavit.
946 3932 1090 3986 Praeterea
1106 3930 1284 3985 Alexandrum

114 4027 175 4093 posi
191 4024 293 4078 ruebas
306 4038 413 4078 eversas
432 4023 499 4077 bono
518 4022 605 4076 animo
619 4022 646 4074 in
664 4022 801 4076 I'hebanos
819 4023 902 4074 inisse
920 4020 1087 4089 perspicuum
1101 4023 1143 4074 est
1161 4036 1195 4073 ex
1212 4018 1283 4076 Plut

114 4113 162 4166 vit.
181 4111 258 4167 Alex,
277 4111 355 4168 XIII.

205 4217 226 4286 ¹)
244 4217 360 4272 Eaedem
387 4215 515 4285 epistulae
540 4215 666 4284 leguntur
687 4217 758 4284 apud
775 4214 938 4284 Simphdum
960 4214 989 4266 in
1006 4213 1089 4281 Phys.
1112 4213 1134 4282 I,
1158 4229 1183 4281 p.
1206 4215 1223 4269 8
1241 4213 1282 4268 ed.

1071 4302 1106 4355 5*
