3016 4612
779 82 823 150 40

218 295 294 344 usus
318 281 369 343 est
385 279 619 359 pecuniamque
644 278 687 344 ad
710 298 783 345 eum
798 279 898 345 misit.
907 276 931 364 1)
977 277 1169 344 Alexander
1185 284 1295 346 autam
1318 277 1401 346 uiue'
1491 301 1492 327 1

219 384 317 450 dubio
334 402 392 466 per
409 383 581 467 epistulam
598 402 671 450 eum
688 383 830 468 rogauit,
847 388 883 448 ut
899 384 998 451 talem
1015 381 1134 449 librum
1152 382 1215 450 sibi
1229 385 1390 463 mitteret,

221 507 415 571 quamquam
444 489 645 556 Plutarchus
675 488 835 571 epistulae
858 488 1057 556 mentionem
1086 508 1152 556 uon
1184 488 1277 556 iacit:
1314 509 1392 556 nam

219 594 415 662 Plutarchus
438 613 479 660 ue
502 597 537 661 in
559 595 645 678 Reg.
669 600 704 661 et
725 594 802 677 imp.
826 595 980 678 apophth.
1008 592 1092 660 188ο
1122 594 1251 675 quidem
1267 595 1393 678 epIstu-

218 701 273 766 lae
284 701 480 768 mentionem
497 699 589 784 facit,
606 701 665 768 sed
681 701 722 767 de
738 702 904 767 eademne
927 701 961 766 iu
977 702 1048 769 uita
1064 699 1240 768 Phocionis
1256 701 1352 784 XXI,
1371 703 1390 766 1

227 805 320 874 dicit:
337 804 506 888 γράψαντος
521 809 551 868 cl
567 803 619 870 τοῦ
636 803 827 888 Ἀλεξάνδρον
851 805 1003 873 conferas
1026 808 1124 874 ettam
1149 807 1230 888 aeg.
1254 816 1289 872 et
1311 807 1389 890 imp.

221 911 374 995 apophth.
400 911 488 978 180Β
513 933 587 979 cum
610 912 670 981 uit.
693 912 787 979 Alex.
812 912 941 978 XXIX.

309 1036 534 1102 Alexandrum
557 1035 648 1102 fonte
683 1036 747 1103 olei
777 1038 820 1102 ad
845 1036 952 1104 Oxum
987 1043 1119 1118 reperto
1143 1036 1292 1119 gavisum
1316 1053 1391 1102 esse

219 1142 387 1226 cognoscit
397 1142 592 1209 Plutarchus
604 1160 646 1207 ex
658 1141 830 1229 epistula2)
852 1143 922 1226 ejus
938 1142 982 1207 ad
993 1141 1206 1224 Antipatrum
1222 1141 1311 1208 data.
1328 1143 1390 1210 uit.

217 1248 311 1314 Alex.
335 1248 447 1315 LVII:

380 1357 423 1418 ol
455 1353 511 1434 μὴν
541 1353 616 1416 ἄλλο’
648 1363 829 1434 θαυμαστῶς
856 1353 1042 1434 Ἀλέξανδρος
1070 1358 1174 1434 ἡσθεὶς
1200 1355 1283 1434 δῆλός
1313 1356 1390 1416 ἐστιν
1488 1327 1492 1393 ἶ

383 1459 416 1534 ἕξ
438 1456 474 1522 ὧν
497 1458 602 1542 γράφοι
624 1459 698 1541 πρὸς
715 1459 913 1535 Ἀντίπατρον,
938 1461 969 1522 ἐν
983 1471 1044 1530 τοῖιΙ
1066 1461 1210 1539 μεγίστοις
1235 1460 1320 1522 τοῦτο
1335 1455 1391 1521 τῶν

381 1565 439 1628 ἀπό
462 1560 514 1628 acc
536 1562 610 1628 θοοῦ
633 1563 789 1648 γεγονότων
811 1567 890 1644 αὐτῷ
909 1564 1071 1644 τιθέμενος.

219 1689 375 1772 Ejusdem
399 1689 561 1773 epIstulae
584 1689 780 1758 mentionem
820 1688 902 1756 tacit
932 1689 1124 1756 Athenaeus
1155 1689 1199 1771 Il,
1225 1689 1276 1761 17,
1300 1685 1343 1754 42
1367 1687 1390 1754 f.

377 1800 426 1857 καὶ
449 1798 517 1875 παρ’
544 1793 640 1866 ἄλλοις
662 1795 688 1857 δ’
713 1800 769 1857 οἰσὶ
792 1795 918 1882 (κρῆναι)
941 1799 1024 1866 λίποι
1047 1793 1162 1876 ἔχουσαι
1189 1793 1327 1867 τοιοῦτον,
1354 1798 1392 1866 ὡς

381 1907 398 1979 ἡ
422 1905 452 1964 ὲν
469 1902 556 1980 Ἀσίᾳ
591 1904 662 1982 ὑπὲρ
688 1898 720 1980 ἧς
739 1901 924 1982 Ἀλέξανδρος
948 1903 1109 1962 inauratur
1135 1901 1172 1970 ὡς
1202 1899 1301 1962 ἐλαίου
1325 1898 1390 1979 κρίγ

380 2031 429 2086 νην
452 2005 584 2089 εὑρηκώς,

219 2113 270 2178 De
293 2111 368 2178 aliis
391 2111 538 2179 fontibus
561 2112 625 2180 olei
649 2111 800 2179 conferas
822 2113 1028 2178 Athenaeum
1051 2110 1182 2178 ibidem.
1229 2110 1391 2178 Arrianus
1488 2131 1489 2136 ¹

221 2215 296 2299 (IV,
322 2215 412 2301 153)
436 2224 471 2282 et
486 2218 606 2284 Strabo
622 2217 699 2304 (XI,
724 2215 837 2301 518‚5)
861 2218 985 2283 fontem
1001 2221 1193 2300 memorant,
1218 2216 1392 2298 epistulam
1489 2265 1490 2276 ,

223 2322 501 2404 praetermittunt.

308 2428 512 2511 Alexander,
547 2446 617 2495 cum
643 2428 814 2494 Persidem
837 2434 976 2509 peteret,
1001 2446 1153 2510 maguam
1177 2428 1391 2494 barbarorum

220 2534 354 2600 caedem
371 2532 460 2617 fecit,
486 2535 577 2616 cujus
601 2553 733 2600 causam
758 2532 958 2599 Plutarchus
980 2532 1014 2598 in
1038 2532 1179 2616 epistula
1208 2533 1392 2598 Alexandri

219 2639 303 2722 legit
326 2640 382 2706 vit.
405 2640 500 2707 Alex.
525 2639 705 2705 XXXVII:

385 2761 480 2825 Φόνον
502 2764 555 2839 μὲν
577 2758 626 2823 οὖν
652 2758 783 2824 incude
819 2760 910 2824 πολῦν
937 2757 991 2824 τῖον
1023 2759 1219 2839 ἁλισκομένων
1254 2761 1393 2843 γενέσθαι

383 2869 530 2930 συνέπεσε·
562 2864 667 2948 γράφοι
690 2865 746 2948 γάρ
770 2867 864 2950 οὗτός,
888 2872 925 2938 ὡς
948 2868 1070 2944 νομίζων
1093 2864 1170 2946 αὐτῷ
1199 2880 1283 2930 τοῦτο
1317 2871 1393 2928 lout-

382 2975 472 3036 τιλοῖν
496 2973 624 3035 ἐκέλευον
648 2969 899 3052 ἀποσφάττεσθαι
921 2971 988 3044 τούς
1011 2971 1194 3054 ἀνθρώπους.

228 3081 279 3145 De
301 3080 364 3144 hac
388 3080 487 3145 caede
512 3078 663 3146 conferas
680 3078 817 3145 Diodori
832 3078 943 3162 XVII,
969 3076 1061 3161 68,7;
1087 3077 1220 3144 Arriani
1235 3079 1297 3162 III,
1315 3075 1390 3162 18,6

225 3205 296 3266 sqq.
341 3185 495 3268 Epistula
519 3185 597 3266 quin
620 3203 701 3255 uera
717 3184 839 3251 sitnon
857 3183 987 3251 dubito:
1012 3203 1117 3265 neque
1134 3184 1219 3251 enim
1236 3184 1392 3252 credibile

311 3395 830 3466 ¹)00nferasP1ut.vit.Alex.vss1;
856 3397 921 3465 Reg.
941 3401 968 3450 et
994 3385 1199 3465 imp'apophth.
1228 3394 1315 3462 18153
1351 3395 1391 3448 De

221 3485 298 3540 Alex.
317 3485 376 3538 fort.
395 3486 441 3538 aut
458 3484 519 3540 virt.
538 3501 575 3540 or.
593 3485 614 3555 1,
633 3487 684 3541 331
693 3487 721 3548 lt,
737 3490 764 3541 et
782 3486 845 3542 ibid.
869 3485 961 3552 33383
996 3484 1080 3540 Oicer.
1104 3484 1208 3540 Tuscul.
1232 3484 1264 3552 V,
1298 3483 1389 3552 32‚91;

222 3573 347 3628 'l'hemist
372 3575 435 3627 orat.
459 3574 495 3642 II,
517 3573 589 3646 26⁸5
620 3577 676 3629 orat
699 3575 748 3643 XI,
774 3574 863 3645 145b3
895 3577 968 3644 orat„
984 3573 1062 3642 XXI,
1090 3573 1178 3644 25223
1211 3572 1285 3641 Diog.
1304 3573 1392 3626 Iaert.

220 3663 268 3732 IV,
287 3655 338 3731 26.

312 3749 430 3819 ¹)Ilano
449 3752 589 3820 epistulam
606 3751 752 3818 Kaerstius,
771 3760 801 3802 ut
822 3764 901 3818 supra
919 3766 944 3819 p.
963 3751 1005 3804 36.
1019 3749 1081 3818 dixi,
1101 3750 1130 3802 in
1149 3748 1294 3804 subditioiis
1311 3747 1390 3817 ponit.

223 3836 308 3906 Vogel
327 3837 433 3907 (ibidem
454 3855 479 3907 p.
498 3840 524 3906 4)
542 3838 588 3907 qui
605 3838 638 3892 de
666 3836 794 3906 epistulae
819 3837 930 3891 ventae
955 3836 1075 3892 dubitare
1094 3838 1206 3907 videtur,
1231 3839 1258 3890 et
1272 3836 1391 3894 Pridious

223 3924 297 3995 (ibid.
315 3942 340 3993 p.
360 3926 406 3994 70)
423 3942 510 3981 eama
528 3925 707 3994 Theophrasto
732 3925 874 3981 memoriae
893 3924 1023 3994 proditam
1046 3941 1105 3980 esse
1128 3928 1228 3996 putant.
1272 3925 1348 3991 Quod
1370 3923 1391 3978 si

226 4030 319 4068 verum
347 4017 395 4082 est,
422 4015 501 4068 etiam
530 4029 626 4082 exeo,
658 4016 728 4083 quod
759 4014 931 4083 Theophrasti
954 4014 1116 4082 temporibus
1143 4017 1205 4068 nota
1226 4016 1283 4068 arat
1313 4015 1341 4067 et
1358 4027 1391 4066 ex

224 4103 281 4170 ejus
298 4102 371 4157 libris
388 4104 542 4171 deprompta
560 4104 608 4169 est,
625 4102 736 4171 intalhgi
756 4119 803 4173 par
820 4105 861 4156 est
882 4117 940 4156 eam
960 4117 1050 4156 veram
1071 4117 1139 4157 esse.
