3016 4612
687 130 730 197 35

115 324 249 392 Eadem
295 324 438 408 epistula
480 325 604 408 legitur
646 326 732 407 apud
768 325 985 392 Plutarchum
1023 325 1105 408 Reg.
1146 333 1180 392 et
1217 324 1291 406 imp.

114 432 279 514 apophth.
306 430 407 498 1794.
586 432 588 436 ’
764 472 766 476 -

284 535 458 601 intonuisti
501 561 549 599 σοι
587 535 718 599 seidona
755 535 859 599 ἐκοσὸι
897 540 1059 619 λιβανωτοῦ
1097 540 1147 598 aad
1189 540 1296 606 κοισλιις

286 643 332 704 ιἰα
356 641 457 722 μηκέτι
478 645 634 723 μικρολογῇ
657 639 762 728 codd)
784 641 850 714 τοὺς
873 641 972 725 θεούς,
998 641 1077 713 εἰδὼς
1100 639 1143 704 ὅτι
1166 646 1217 704 κοιλ
1245 651 1295 721 σῆς

283 746 519 830 ἀρωματοφόρον
541 758 711 827 κρατοῦμεν.

121 855 282 938 Ejusdem
306 855 468 937 epistulae
492 854 691 922 mentionem
714 853 797 922 iacit
820 853 948 922 Plinius
970 855 1011 920 N.
1035 855 1121 921 Hist.
1154 855 1197 920 14
1224 851 1295 942 (32)

120 957 179 1026 62.
223 960 324 1026 Hanc
345 978 473 1041 qnoque
496 959 672 1042 epistulam
696 979 716 1026 a
738 978 845 1028 rerum
860 959 1043 1026 Alexandri
1066 961 1237 1044 scriptore,
1262 967 1296 1027 et

119 1065 255 1147 qnidam
271 1085 294 1131 a
308 1065 487 1150 Charetel)
509 1066 684 1133 memoriae
699 1067 864 1148 proditam
880 1085 953 1132 asse
968 1073 1060 1149 puto:
1089 1065 1302 1146 nequeenim

120 1171 317 1251 manuni,
334 1173 378 1238 ad
398 1189 496 1253 quam
512 1172 669 1256 adJuucta
685 1180 746 1255 est,
771 1177 840 1238 tam
856 1177 946 1238 arete
963 1172 1164 1254 cohaereret,
1189 1189 1295 1253 neone

120 1295 190 1359 que
212 1277 397 1363 tompore⁸)
421 1279 545 1360 scripta
561 1283 649 1346 esset
670 1278 757 1344 ratio
771 1277 888 1345 haberi
903 1283 1043 1361 poterat,
1067 1277 1096 1344 si
1111 1295 1154 1344 ex
1175 1277 1296 1360 epistu-

119 1385 231 1451 hum
254 1404 392 1467 corpore
415 1387 608 1467 deprompta
631 1392 729 1452 esset.
1110 1459 1112 1463 ,

213 1489 397 1556 Alexandri
437 1488 688 1574 temperantiam
722 1489 880 1572 intelligit
912 1491 1113 1557 Plutarchus
1147 1509 1221 1558 cnm
1255 1509 1297 1558 ex

120 1595 203 1662 aliis
223 1597 322 1662 rebus
344 1603 414 1662 tum
430 1613 471 1661 ax
488 1596 637 1678 epistulis
654 1596 733 1680 ejus,
759 1613 843 1677 quae
858 1594 893 1662 in
909 1596 980 1662 vita
996 1596 1179 1664 Alexandri
1194 1596 1296 1662 XXII

121 1703 288 1786 leguntur.
325 1696 485 1783 ¹Epistula
509 1702 553 1768 ad
575 1701 789 1768 Philoxenum
813 1702 869 1781 qui
892 1702 935 1766 ad
958 1719 1031 1768 eum
1054 1702 1233 1785 scripserat
1255 1704 1297 1770 de

120 1808 270 1892 pulchris
293 1809 558 1876 adulescentibus
581 1808 741 1875 emendis:

289 1913 344 1975 Tb
378 1917 410 1976 ol
446 1913 602 1988 Φιλόξενον
635 1913 721 1976 αὐτὸν
760 1919 800 1976 ἐκ·
820 1916 957 1992 ἐπιστολῇ
995 1914 1089 1976 πολλὰ
1125 1914 1298 1996 λοιδορήσας

284 2023 432 2083 ἐκέλευσεν
464 2021 560 2090 αὐτοῖς
595 2023 724 2098 φορτίοις
753 2017 802 2082 τὸν
827 2017 982 2100 Θεόδωροι
1015 2025 1056 2092 εἰς
1088 2019 1138 2084 ads
1172 2019 1297 2104 ὄλεθροι

284 2125 481 2195 ἀποστέλλου.

119 2237 218 2303 Haec
247 2235 388 2316 epistula
415 2233 538 2317 legitur
568 2232 667 2300 etiam
694 2234 728 2298 iu
754 2232 848 2316 libro,
882 2234 937 2314 oui
962 2242 1012 2300 est
1047 2235 1090 2300 de
1117 2235 1299 2303 Alexandri

87 2367 91 2375 ·
120 2341 258 2408 fortuna
281 2347 339 2406 aut
360 2341 489 2408 virtute
512 2358 557 2407 or.
580 2340 606 2422 Ι,
632 2337 738 2406 333⁵:

283 2456 391 2528 πικρῶς
425 2447 608 2526 ἀντέγραψεν
643 2445 849 2532 (Ἀλέξανδρος)
892 2441 935 2528 „o’o
969 2443 1080 2508 κάκιστ’
1123 2448 1295 2527 ἀνθρώπων,

284 2556 316 2614 σί
327 2575 376 2631 μοι
396 2551 510 2616 adnare
524 2562 637 2615 autoire
660 2549 814 2632 nosipsos,
838 2551 885 2615 aba
899 2551 1046 2624 τοιαύταις
1067 2577 1104 2630 με
1127 2554 1299 2632 κολακεύσῃς

287 2662 435 2739 imvm&

121 2766 219 2849 Quae
241 2765 440 2831 Plutarchus
466 2766 528 2832 hoo
558 2766 629 2831 loco
653 2765 878 2832 Alexandrum
915 2767 958 2832 ad
980 2765 1194 2834 Philoxenum
1218 2765 1296 2833 scri·

122 2871 229 2955 pense
252 2869 364 2950 tradit,
390 2870 507 2954 altero,
530 2889 626 2952 quem
642 2871 751 2953 attull,
774 2872 845 2939 loco
861 2872 904 2938 ad
919 2871 1050 2938 sodales
1067 2891 1141 2938 eum
1165 2873 1205 2939 de
1220 2872 1297 2942 Phi·

122 2979 241 3046 loxsno
266 2977 389 3044 dixisse
412 2982 568 3046 testatur.
614 2981 685 3046 Ant
711 2978 812 3061 igitur
835 2979 1036 3046 Plutarchus
1063 2975 1147 3046 haee
1169 2997 1211 3045 ex
1233 2999 1298 3048 me·

123 3083 229 3151 moria
260 3084 423 3168 exposuit,
462 3089 536 3167 aut,
568 3085 653 3165 quod
684 3085 732 3152 ad
763 3085 940 3152 veritatem
976 3084 1112 3167 propius
1141 3087 1299 3154 accedere

124 3189 269 3274 uidetur,
302 3189 494 3258 Alexander
524 3191 639 3258 eadem
673 3189 745 3257 iere
774 3196 808 3256 et
842 3191 887 3258 ad
914 3191 1044 3258 sodales
1079 3190 1163 3258 dixit
1190 3198 1224 3260 et
1254 3193 1298 3260 ad

124 3295 343 3364 Philoxenum
380 3297 527 3378 sempsit.
586 3296 744 3379 EJusdam
782 3296 943 3379 epistulae
983 3297 1182 3380 montionem
1219 3297 1300 3367 facit
1373 3331 1377 3336 ·

125 3402 318 3470 Athenaeus
339 3400 367 3486 1,
397 3402 450 3488 40,
480 3401 550 3470 221.

214 3543 315 3612 ‘impl
332 3541 490 3597 Duebnerus
516 3545 544 3598 et
561 3543 751 3598 Bennardakes.
788 3542 853 3613 κρὸι
869 3543 1058 3614 Wytteubach.
1089 3543 1176 3598 litium
1198 3545 1226 3597 in
1244 3545 1300 3600 vita

126 3634 203 3690 alea
221 3633 305 3689 XXV
322 3635 387 3704 σρὲι
405 3636 533 3705 seriphum
552 3638 602 3691 est

215 3723 386 3793 uniames
412 3739 517 3793 quoque
544 3724 606 3780 ibid
629 3741 655 3792 p.
681 3724 736 3780 298
765 3727 793 3779 et
815 3741 841 3793 p.
860 3724 913 3782 800
943 3725 1020 3792 putat
1051 3737 1110 3778 eam
1139 3736 1156 3775 a
1185 3720 1299 3776 Charete

129 3813 271 3868 momoriae
288 3812 417 3881 proditam
438 3823 506 3867 esse.

216 3899 238 3967 ⁸)
256 3899 378 3970 Epistula
395 3901 458 3955 data
475 3903 517 3954 est
534 3903 581 3955 aut
598 3902 657 3970 post
674 3899 799 3954 Arabiam
818 3903 946 3969 pacatam,
966 3900 996 3952 ut
1013 3898 1050 3952 ait
1066 3897 1169 3951 Pholus
1191 3896 1298 3967 ibidem,

129 3992 174 4042 aut
189 3990 249 4058 peel
268 3989 365 4043 (ianam
384 3989 571 4058 expugnatam,
590 3993 621 4042 ut
632 3987 791 4042 Plutarchus
809 3988 930 4040 testatur.
961 3986 1002 4040 De
1016 3985 1088 4040 Gaza
1105 3985 1139 4039 ab
1148 3985 1300 4041 Alexandro

132 4079 278 4146 expugnata
304 4078 338 4131 ef.
357 4078 433 4132 Diod.
452 4077 545 4146 XVII,
572 4079 616 4145 48,
636 4076 667 4147 7,
695 4076 769 4131 curt.
794 4075 841 4143 IV,
860 4074 909 4142 VI,
928 4073 977 4145 28;
1004 4077 1065 4129 Aru.
1083 4073 1120 4137 Π,
1143 4075 1179 4130 26
1196 4073 1236 4144 eq'.
1255 4076 1300 4144 qui

131 4165 256 4232 epistolae
274 4166 438 4221 mentionem
456 4181 511 4222 uon
528 4167 657 4220 doemunt

1106 4252 1137 4308 3*
