3016 4612
804 159 848 226 50

244 358 436 424 Alexander
451 359 482 423 in
501 357 608 442 priore
626 357 767 443 epistula
778 357 964 442 scripsisset
977 376 1013 423 se
1027 357 1163 423 credere
1176 356 1419 424 Callisthenem

246 481 318 530 esse
341 463 558 547 innocentem,
583 468 696 530 tamen
719 463 874 546 quoniam
898 462 1028 530 interea
1051 461 1268 530 Callisthenes
1293 465 1337 528 ab
1365 464 1420 529 ob·

244 571 477 637 tractatoribus
516 571 583 636 suis
620 569 803 636 insimulari
841 577 988 654 poterat,
1029 575 1065 634 ut
1105 574 1155 636 est
1192 562 1420 651 insimulatus,
1495 648 1497 657 Ι

245 676 436 743 Alexander
458 682 586 742 mutata
609 676 773 743 sententia
797 678 837 742 de
862 694 899 742 eo
922 682 1057 760 poterat
1079 675 1224 743 scrihere
1251 673 1302 738 τὸν
1330 699 1421 756 capa
1497 697 1498 754 j

246 783 315 861 στῆν
336 781 392 864 ἐγὼ
404 781 530 849 κολάσω.
577 782 748 849 Falsarius
764 789 874 849 autem
890 800 955 848 uon
972 788 1046 848 erat
1061 801 1120 849 cur
1135 782 1222 848 hanc
1238 781 1421 867 epistulam

246 895 469 973 componeret:
494 908 569 955 nam
586 888 828 966 Callisthenem,
853 907 949 969 quem
971 888 1067 954 multi
1090 886 1257 954 criminati
1273 896 1385 972 erant,
1395 890 1420 975 ¹)

248 995 391 1080 epistula
431 1015 495 1063 non
537 1000 669 1080 poterat
708 1013 866 1080 purgare:
904 994 1011 1062 Aliam
1047 995 1207 1080 epistolae
1240 995 1421 1078 fingendae

246 1121 379 1170 causam
402 1101 550 1183 equidem
574 1121 638 1168 non
662 1101 770 1168 video.
806 1095 807 1098 ’

335 1227 401 1295 Sed
431 1245 627 1309 quamquam
650 1227 744 1309 pueri
766 1234 973 1308 negaverant
997 1225 1232 1293 Callisthenem
1266 1227 1421 1310 conjura·
1496 1227 1497 1232 ’

245 1334 345 1401 tionis
380 1333 543 1400 conscium
580 1333 698 1414 fnisse,
733 1343 845 1399 tamen
874 1350 938 1399 non
975 1333 1110 1400 deerant
1150 1333 1207 1415 qui
1240 1352 1315 1400 eum
1345 1335 1422 1418 regi
1496 1375 1497 1392 ι

250 1447 437 1523 suspectum
466 1441 659 1506 redderent:
690 1459 765 1505 nam
789 1438 981 1504 Alexander
1010 1446 1126 1520 postea
1158 1440 1257 1506 aliter
1285 1440 1422 1521 scripsit

248 1548 292 1613 ad
314 1546 525 1628 Antipatrum
549 1551 648 1626 atque
672 1547 714 1610 ad
739 1544 911 1612 Craterum
935 1557 1126 1625 ceterosque
1151 1545 1250 1612 duces
1275 1546 1420 1629 scripse-

245 1660 310 1720 rat.
335 1654 421 1719 Plut.
445 1652 582 1719 ibidem:
1495 1721 1496 1724 ,

398 1755 538 1840 Ὕστερον
561 1759 591 1819 ot
615 1757 733 1838 γράφων
756 1755 829 1836 πρὸς
850 1756 1040 1837 Ἀντίπατρον
1063 1762 1112 1819 καὶ
1135 1755 1186 1819 τὸν
1209 1759 1421 1838 Καλλισθένην
1495 1747 1496 1752 ¹

404 1865 701 1943 συνεπαιτιασάμενος
728 1868 788 1942 ,,Οἱ
808 1865 860 1940 μὲν
883 1869 1006 1935 παῖδος“
1031 1869 1118 1942 φησίν
1141 1861 1217 1936 ,υπὸ
1241 1877 1296 1927 τῶν
1319 1869 1422 1927 Μακε-

404 1972 492 2034 δόνων
523 1968 778 2049 κατελεύσθησαν,
813 1970 864 2032 τὸν
896 1973 926 2032 δὲ
961 1971 1104 2051 σοφιστὴν
1136 1969 1190 2051 ἐγὼ
1219 1972 1337 2034 κολάσω
1369 1978 1420 2034 καὶ

402 2077 469 2148 τοὺς
492 2085 699 2156 ἐκπέμψαντας
721 2074 808 2140 αὐτὸν
832 2076 970 2148 καὶτοὺς
993 2082 1217 2158 ὑποδεχομένους
1233 2091 1298 2150 ταῖς
1313 2079 1418 2142 πόλεσι
1500 2115 1501 2122 .

403 2182 469 2254 τοὺς
492 2187 555 2262 ἐμοὶ
579 2181 845 2265 ἐπιβουλεύοντας.“

245 2294 288 2358 ad
319 2309 403 2372 quae
426 2291 625 2357 Plutarchus
650 2286 781 2368 ἄντικρυς
805 2287 834 2352 ἔν
857 2315 887 2371 γε
910 2291 1020 2362 τούτοις
1043 2291 1323 2368 ἀποκαλυπτόμενος
1345 2292 1420 2372 πρὸς
1495 2269 1496 2320 3

239 2399 474 2484 ltproaoaeltprt)
498 2397 625 2482 adjicit.
672 2397 856 2480 Epistulam
881 2417 954 2464 esse
978 2417 1089 2465 veram
1112 2398 1168 2465 vel
1191 2413 1232 2463 ex
1255 2417 1293 2464 eo
1318 2417 1418 2481 appa·
1496 2417 1497 2474 l

244 2514 308 2590 ret,
333 2507 418 2587 quod
443 2506 630 2572 Alexander
661 2505 731 2573 sive
753 2505 804 2570 ira
835 2504 998 2588 mitigata,
1029 2505 1100 2571 sive
1123 2505 1165 2570 ad
1195 2502 1259 2570 clia
1283 2507 1427 2588 negotia

189 2607 191 2609 ’
244 2631 393 2691 aversus,
427 2614 497 2679 sive
526 2617 632 2677 morte
662 2613 819 2693 abreptus
848 2628 953 2692 neque
981 2611 1093 2676 orbem
1122 2611 1286 2691 quandam
1309 2629 1418 2693 neque
1494 2644 1498 2675 ν

244 2720 461 2787 Aristotelem
486 2718 658 2802 puniret),
683 2719 715 2782 id
739 2719 826 2798 quod
849 2723 917 2783 tam
940 2729 1051 2783 notum
1075 2723 1159 2795 erat,
1184 2725 1220 2782 ut
1243 2715 1416 2784 falsarium
1494 2770 1498 2791 ,

244 2845 309 2893 non
342 2806 483 2908 superet,
517 2826 571 2906 qui
595 2829 685 2890 certe
717 2843 758 2890 ne
790 2823 881 2890 fraus
911 2825 1121 2906 detegeretur
1156 2831 1270 2889 contra
1293 2824 1415 2890 famam
1494 2804 1498 2817 ¹

245 2932 476 3016 pervulgatam
515 2931 660 2998 scrihere
698 2949 764 3023 uon
802 2938 941 3012 poterat.
1004 2929 1112 3014 Quare
1152 2947 1216 2995 non
1254 2931 1415 2996 assentior

245 3039 446 3122 Kaersti04),
472 3038 527 3118 qui
550 3047 644 3119 putat
661 3037 838 3120 epistulam
862 3043 967 3103 ortam
992 3055 1064 3103 esse
1081 3056 1122 3102 ex
1144 3036 1200 3102 illo
1225 3037 1280 3117 qni
1302 3056 1413 3102 mana-

245 3146 336 3213 verit
358 3163 497 3229 rumore‚
529 3146 754 3212 Alexandrum
779 3162 852 3210 esse
879 3162 1008 3210 veneno
1034 3143 1242 3226 exstinctum,
1267 3163 1412 3226 praeser-

245 3254 303 3317 tim
327 3251 421 3334 quod,
447 3250 598 3332 quoniam
622 3251 736 3317 fabula
760 3262 833 3317 erat
855 3251 1079 3316 Alexandrum
1095 3249 1266 3331 Antipatri
1288 3250 1412 3316 Aristo-

245 3360 385 3438 telisque
410 3377 508 3439 opera
537 3357 702 3424 sublatum
726 3377 807 3439 csse,
838 3356 1011 3423 falsarium
1033 3357 1139 3438 potins
1174 3357 1214 3420 de
1237 3355 1410 3437 Antipatro

246 3485 340 3547 quam
365 3466 407 3531 ad
430 3463 640 3546 Antipatrum
665 3464 726 3529 tali
750 3466 898 3546 exemplo
930 3463 1041 3530 datam
1066 3461 1238 3544 epistulam
1262 3460 1408 3529 ficturum

336 3678 358 3743 ¹)
378 3677 418 3733 Gi.
437 3679 495 3731 Arr.
515 3676 562 3744 IV,
582 3676 624 3744 12,
644 3678 675 3745 73
695 3673 765 3731 Plut.
780 3674 827 3729 vit.
846 3673 923 3728 Alex.
942 3673 997 3729 LV.
1497 3713 1498 3746 p

335 3767 355 3834 ²)
374 3765 457 3834 Hegel
476 3766 529 3832 (lle
547 3765 627 3819 Arist
647 3765 674 3817 et
691 3763 766 3817 Alex.
786 3779 811 3831 p.
832 3763 877 3831 38)
896 3765 975 3831 negat
992 3763 1093 3833 liquere
1112 3762 1165 3816 illis
1183 3762 1312 3831 epistulae
1325 3761 1409 3816 verbis

245 3855 413 3911 Aristotelem
432 3854 598 3922 designatum
617 3867 683 3906 esse.
721 3852 814 3906 Flcthe
833 3851 939 3921 (Cesch.
958 3851 1057 3906 Maced.
1076 3853 1133 3921 lp
1152 3854 1204 3906 353
1223 3853 1284 3909 adn.
1306 3853 1333 3920 1)
1352 3867 1408 3905 oon-

242 3946 301 4015 jicit
318 3943 364 3998 illa
381 3945 461 3998 verba
479 3945 513 3997 ad
531 3941 700 4011 Antipatrum
719 3945 846 4010 spectare.

336 4033 358 4099 ⁸)
378 4033 417 4086 ef.
437 4032 521 4101 steht,
539 4031 648 4088 Aristot.
668 4031 681 4084 Ι
700 4048 724 4100 p.
745 4032 809 4101 130;
830 4031 938 4086 Onchen
957 4029 1117 4084 Staatslehre
1136 4031 1183 4084 des
1201 4031 1309 4087 Aristot.
1334 4031 1366 4095 IL
1385 4045 1407 4097 p.

246 4121 314 4190 2953
334 4119 426 4186 heller,
445 4119 496 4172 Die
513 4118 613 4172 Philos.
633 4120 658 4176 d.
678 4119 781 4173 Griech.
819 4120 844 4174 3.
864 4119 974 4187 Aussage
992 4119 1027 4186 Π,
1048 4119 1063 4170 2
1082 4134 1107 4187 p.
1126 4123 1169 4175 eh.

336 4209 359 4276 ⁴)
378 4207 566 4277 Forschnngen
584 4223 608 4274 p.
630 4207 681 4259 114
700 4222 739 4276 sq.
758 4205 885 4276 Philolog.
900 4206 937 4260 LI
954 4222 979 4274 p.
999 4207 1059 4274 604,
1078 4222 1103 4274 p.
1122 4206 1182 4260 607.
