3008 4614
680 93 744 162 135

290 297 339 354 καλ
362 292 379 372 ἡ
401 293 492 355 αύτῶν
513 296 661 374 μοχθηρία
684 287 754 373 ἀγει,
778 290 795 372 ἢ
817 289 890 374 πρὸς
911 289 945 355 τὸ
969 292 1080 372 ἀληθὲς
1102 297 1297 372 ἐκτρέπουσιν,
1327 313 1331 320 ’
1414 364 1416 373 Ι

290 399 476 480 ἐξηττώμενον
492 398 679 479 Ἀλέξανδρον
703 395 754 478 ύγδη
783 408 833 471 τῆς
858 396 965 480 μητρὸς
993 409 1047 462 τῶν
1076 400 1221 480 διαβολῶν·
1245 409 1301 462 τῶν

289 512 319 578 ἐς
328 506 524 585 Ἀντίπατρον,
540 503 706 578 ἀπαλλάξαι
722 508 834 568 ίθίλειν
849 510 881 567 ἐκ
896 508 1083 578 Μακεδονίας
1103 505 1300 586 Ἀντίπατρον.

240 670 243 674 ,
290 615 339 673 καὶ
370 608 452 694 τνγύν
483 613 536 674 ούκ
566 617 595 680 ἐς
626 611 743 692 ἀτιμίαν
771 610 821 691 τὴν
847 609 1039 693 Ἀντιπάτρου
1066 612 1083 691 ἡ
1111 609 1300 691 μετάπεμψις

289 719 379 781 αύτοῦ
401 716 511 800 ἔφερεν,
535 719 597 781 ἀλλ’
622 718 660 790 ώς
680 717 719 798 μή
740 741 768 780 τι
792 725 895 798 διττῆς
917 723 1064 800 διαφορᾶς
1079 719 1176 790 αὐτοῖς
1191 723 1298 800 γένοιτο

291 822 377 907 ἀχάρι
411 830 441 897 ἐς
474 823 613 905 ἀλλήλους
646 829 694 906 καὶ
733 825 814 888 ούδὲν
847 825 925 904 αύτῷ
955 823 1078 904 ἰάσιμον.
1119 828 1181 890 ἐπεὶ
1217 824 1299 888 ούδὲν

290 930 428 994 ἐπαύοντο
444 930 622 1013 Ἀλεξάνδρῳ
645 932 803 1015 γράφοντες
825 937 841 994 ὅ
864 934 916 1012 μλν
939 931 989 1010 τὴν
1011 927 1176 1020 αύύάδειάν
1198 954 1229 994 τε
1249 943 1300 1011 τῆς

290 1038 478 1116 Ὀλυμπιάδος
507 1042 556 1100 καὶ
584 1037 705 1118 ὀξύτητα
736 1041 785 1101 καὶ
812 1038 1103 1122 πολυπραγμοσύνην,
1137 1036 1239 1118 ἥκιστα
1264 1036 1300 1118 δύ

290 1156 324 1224 τῇ
343 1143 532 1228 Ἀλεξάνδρου
553 1149 638 1226 μητρὶ
661 1141 830 1228 εὐσχήμονα,
854 1141 925 1208 ώστι
949 1149 997 1206 καὶ
1020 1141 1103 1228 λόγος
1124 1141 1298 1216 τιςιτοιύσδε

290 1249 409 1334 ἐφέρετο
427 1251 615 1331 Ἀλεξάνδρου
638 1254 682 1331 ἐφ’
708 1249 751 1324 οἷς
772 1253 845 1334 ύπὲρ
868 1261 918 1332 τῆς
939 1249 1046 1335 μητρὸς
1062 1252 1150 1314 αύτοῦ
1174 1251 1299 1333 ἐξηγγέλ-

290 1360 363 1431 λετο,
386 1356 462 1440 βαρύ
484 1354 520 1438 δὴ
545 1357 578 1422 τύ
600 1363 728 1444 ἓἐνοίκιον
758 1368 811 1422 τῶν
840 1359 910 1422 δίκα
942 1369 1035 1438 μηνῶν
1065 1355 1298 1438 εἰσπράττεσθαι

290 1462 376 1528 αὑτὸν
398 1466 448 1544 τὴν
470 1470 594 1546 μητέρα·
618 1470 702 1550 ἡδί,
727 1471 884 1547 ὑπέρογκον
907 1464 980 1528 εἶναι
1003 1476 1037 1546 τῇ
1059 1489 1090 1528 τι
1113 1463 1226 1539 ἀξιώσει
1250 1469 1299 1526 καὶ

289 1580 323 1650 τῇ
346 1567 417 1650 άλλη
439 1575 587 1651 θεραπείᾳ
611 1571 801 1652 Ἀντίπατρον
832 1574 899 1635 οὐδὲ
928 1579 1095 1652 μεμνῆσθαι
1126 1583 1177 1646 τοῦ
1209 1595 1299 1648 κατα-

290 1677 449 1757 στήσαντος
471 1675 525 1762 ἔτι,
558 1679 616 1740 ἀλλ’
643 1676 728 1742 αύτύν
756 1676 811 1762 γάρ
840 1677 994 1752 ἀξιοῦντά
1017 1689 1117 1758 πρῶνα
1149 1685 1297 1762 φέρεσθαι

293 1789 324 1845 εἰν
344 1797 404 1856 τοῖς
427 1781 525 1857 ἀλλοις
546 1784 696 1848 Μακεδόσι
719 1807 750 1848 τε
773 1789 822 1848 καὶ
838 1783 970 1866 Ἕλλησι,
994 1789 1043 1847 καὶ
1066 1794 1159 1847 ταῦτα
1190 1785 1298 1864 μᾶλλύν

291 1912 318 1951 τι
340 1891 445 1973 ίσγύιιν
467 1891 535 1972 παρ’
554 1889 732 1974 Ἀλεξάνδρῳ
756 1897 888 1972 ἐφαίνετο,
911 1889 969 1955 ὅσα
992 1897 1021 1965 ἐς
1039 1901 1091 1954 τού
1107 1892 1298 1972 Ἀντιπάτρου

290 1993 340 2078 τὴν
362 1996 497 2080 διαβολὴν
520 2003 645 2080 φέροντα
668 1994 708 2078 ἦν,
732 1995 780 2060 σία
803 1996 838 2078 δὴ
867 2003 915 2060 καὶ
943 1998 1127 2081 φοβερώτερα
1158 2003 1188 2060 ἐν
1216 2002 1298 2080 βασι-

291 2105 353 2181 λείᾳ
376 2099 454 2169 ύντα.
478 2104 513 2166 ού
533 2109 630 2183 μέντοι
652 2109 820 2186 καταφανές
842 2109 874 2186 γέ
894 2128 922 2167 τι
936 2103 961 2185 ἣ
985 2102 1065 2186 ἔργον
1086 2101 1200 2187 ἢλύγος
1223 2104 1299 2186 ἐξηγ·

290 2213 401 2291 γίλλετο
423 2208 608 2294 Ἀλεξάνδρου
630 2211 661 2286 ἐξ
683 2210 749 2275 ύτου
772 2209 808 2275 ἀν
829 2235 872 2284 τις
894 2216 1052 2291 συνέθηκεν
1083 2211 1133 2294 σύγ
1162 2209 1299 2284 ὡσαύτως

291 2315 363 2379 εἶναι
385 2315 459 2400 πρὸς
481 2327 578 2396 θυμοῦ
600 2320 678 2396 αύτῷ
691 2319 881 2403 Ἀντίπατρον
903 2317 920 2355 *
942 2317 959 2353 *
981 2317 1034 2407 *1)
1056 2322 1246 2398 Ἡφαιστίων.

132 2475 321 2543 Εετοοδεευ
350 2478 559 2560 epistularum
588 2481 782 2548 mentionem
814 2479 897 2548 facit
918 2480 942 2548 J
944 2479 1070 2547 ustinus
1101 2479 1179 2561 XII,
1212 2477 1300 2562 14‚3.

132 2582 327 2651 Plutarchus
351 2603 478 2667 quoque
501 2604 571 2651 rem
594 2585 707 2669 attigit
729 2586 763 2652 iu
786 2586 868 2653 libro
885 2587 926 2652 de
940 2587 1035 2653 Alex.
1060 2585 1134 2652 fort.
1149 2590 1207 2651 aut
1222 2584 1299 2652 virt.

133 2707 176 2754 or.
200 2691 226 2774 Ι,
252 2687 336 2756 3321l
354 2708 402 2774 sq.
427 2697 459 2756 ut
474 2689 508 2758 iu
524 2691 613 2786 ng5
623 2697 656 2758 et
670 2690 745 2775 imp.
761 2693 915 2774 apophth.
934 2690 1019 2759 180⁰
1034 2690 1091 2758 ubi
1106 2695 1188 2759 haec
1204 2690 1296 2758 dicit:

288 2855 457 2938 Ἐπιστολὴν
489 2860 520 2920 δὲ
554 2858 637 2940 παρά
666 2870 717 2940 τῆς
748 2856 854 2938 μητρός
886 2857 1084 2940 ἀναγινώσκων
1117 2858 1299 2941 ἀπορρήτους

290 2962 423 3051 λύγονςῖ)
447 2967 510 3027 κατ’
530 2965 718 3048 Ἀντιπάτρου
740 2969 789 3027 καὶ
819 2963 956 3046 διαβολάς
986 2963 1122 3048 ἔχουσαν,
1154 2963 1215 3046 άμα
1247 2978 1299 3029 τοῦ

287 3071 501 3152 Ἡφαιστίωνος
523 3070 618 3154 ὥσπερ
641 3073 737 3136 εἰώθει
753 3067 1053 3153 συναναγινώσκοντος,
1078 3073 1130 3136 ούκ
1145 3071 1298 3136 ἐκώλυσεν·

289 3181 327 3251 ὡς
358 3179 388 3240 δύ
419 3179 534 3261 ἀνίγνου,
569 3177 618 3241 τδν
649 3178 799 3241 δακτύλιον
832 3176 1010 3259 ἀφελόμενος
1041 3176 1092 3242 τύν
1125 3184 1227 3242 ἑαυτοῦ
1260 3190 1300 3258 τῷ

291 3285 412 3364 στόματι
435 3294 476 3364 τῷ
495 3289 601 3347 ἐκείνου
621 3282 673 3364 τὴν
697 3289 844 3366 σφραγῖδα
868 3289 1019 3364 ἐπέθηκεν,

219 3444 327 3510 Aliam
341 3445 521 3530 epistulam,
534 3463 598 3526 qua
613 3444 782 3528 olympias
797 3443 898 3510 filium
914 3443 1097 3529 largitionis
1114 3444 1296 3531 insimulat,

132 3551 266 3634 protulit
288 3551 485 3618 Plutarchus
507 3550 565 3619 vit.
591 3551 684 3618 Alsm
707 3551 873 3618 XXXIX.

221 3855 242 3923 ¹)
261 3853 335 3921 Quas
359 3854 455 3908 desunt
483 3853 596 3924 peteuda
622 3855 685 3907 suut
715 3869 731 3906 ε
758 3852 899 3908 Plutarcho
931 3853 979 3908 rit.
1007 3852 1085 3930 Alsx.
1112 3851 1240 3907 XXXIX
1271 3857 1299 3908 st

132 3943 264 4014 Apophth.
283 3943 349 4012 ng.
368 3945 394 4025 st
411 3943 474 4012 imp.
495 3942 582 4000 180⁰.

114 4107 116 4114 ,
220 4059 243 4129 ¹)
261 4057 304 4114 Sic
322 4057 460 4128 Wyttenb.
480 4058 565 4113 ululae
585 4056 711 4112 Diibuer..
723 4055 884 4128 ἀπορρήτους
906 4055 962 4110 κατ’
984 4055 1152 4127 Ἀντωτάτρου
1171 4053 1298 4126 διαβολάς

131 4147 289 4203 Βθτοαοδελι.
