3016 4612
797 119 840 186 32

234 334 297 382 non
322 334 398 383 raro
421 313 546 398 profert
570 313 728 396 epistulas
752 319 794 383 de
807 313 976 382 vilissimis
992 316 1092 383 rebus
1106 314 1259 398 scriptas,
1285 314 1404 395 quihus

233 419 408 505 imaginem
440 419 540 486 animi
573 419 643 503 eJus
674 420 881 503 exprimeret.
935 421 1033 488 Tales
1063 426 1140 488 sunt
1170 419 1332 503 epistulae
1365 421 1407 486 de

234 525 351 606 quihus
374 525 574 593 Plutarchus
597 525 655 593 vit.
682 527 775 593 Alex.
800 525 909 594 XLII.

396 646 554 727 Θαυμάσαι
585 651 616 712 dl
646 648 732 712 αύτύν
764 647 854 721 ἔστιν,
885 647 928 711 ὅτι
951 653 1001 711 καλ
1023 654 1104 731 μέχρι
1130 647 1267 712 τοιούτων
1293 655 1409 712 ἐπιστο-

392 749 447 816 λῶν
468 766 529 826 τοῖς
557 757 652 834 φίλοις
679 755 846 838 ίσγύλαζεν,
877 751 926 818 σία
948 752 1053 837 γράφει
1076 759 1168 816 παῖδα
1190 753 1336 818 Σελεύκου
1367 761 1410 828 εἰς

394 863 531 923 Κιλικίαν
554 863 776 943 ἀποδεδρακότα
800 861 921 925 κελεύων
945 862 1130 946 ἀναζητῆσαι,
1163 866 1212 923 καλ
1235 867 1409 923 Πευκέσταν

393 972 527 1040 ἐπαινῶν,
550 964 593 1030 ὅτι
617 970 746 1042 Νίκωνα,
770 973 926 1050 Κρατεροῦ
949 970 1060 1041 δούλω,
1091 969 1238 1050 συνέλαβε,
1268 971 1319 1028 καλ
1343 969 1408 1027 Με-

393 1071 505 1155 γαβύζῳ
529 1077 594 1155 περὶ
617 1069 669 1136 τού
698 1073 881 1153 θεράποντος
909 1084 961 1137 τοῦ
984 1081 1012 1136 έν
1041 1070 1082 1150 τῷ
1108 1070 1175 1153 lappa
1194 1072 1408 1152 καθεζομένου,
1498 1099 1499 1102 ’

393 1176 514 1241 κελεύων
536 1177 633 1264 αὐτόν,
659 1178 695 1242 llo
717 1179 842 1260 δύνηται,
866 1183 1018 1261 συλλαβεῖν
1041 1177 1096 1254 ἔξω
1118 1190 1171 1242 τοῦ
1193 1177 1272 1262 ίερού
1294 1201 1408 1259 προκα-

396 1284 561 1370 λεσάμενος,
586 1292 615 1347 έν
638 1289 669 1348 cl
692 1283 733 1364 τῷ
753 1293 820 1366 ἱερῷ
839 1285 878 1366 μὴ
900 1287 1132 1366 προσάπτεσθαι.

236 1404 328 1487 Quae
352 1408 457 1474 verba
480 1426 551 1475 cunr
580 1408 639 1475 illa
660 1409 843 1476 Alexandri
875 1410 1034 1478 adversus
1065 1410 1143 1475 deos
1174 1408 1299 1491 pietate
1330 1428 1408 1474 con-

235 1517 366 1593 gruunt.
424 1513 484 1579 His
520 1513 670 1595 epistulis
703 1515 970 1581 adnumerandus
1005 1519 1081 1580 sunt
1112 1514 1198 1580 aliae
1231 1515 1407 1597 quaedam,

235 1635 316 1695 quas
339 1613 536 1683 Plutarchus
565 1624 721 1700 tanquam
755 1625 952 1700 argumenta
976 1619 1102 1689 favoris
1133 1623 1167 1686 et
1198 1619 1338 1702 honoris,
1374 1619 1411 1685 in

235 1740 297 1801 quo
323 1724 511 1791 Alexander
534 1726 664 1791 sodales
687 1724 962 1807 habuit,·profert
986 1727 1044 1793 vit.
1070 1725 1164 1791 Alex.
1189 1727 1285 1792 XLI:

396 1853 550 1928 Πευκέστᾳ
576 1852 629 1928 μέν
656 1848 767 1930 ἔγραψε
794 1851 985 1930 μεμφόμενος,
1014 1848 1057 1912 ὅτι
1080 1855 1198 1933 δηχθεὶς
1220 1853 1266 1913 ὑπ’
1299 1849 1413 1932 ἄρκτου

395 1968 455 2027 τοῖς
477 1959 529 2034 μὲν
557 1954 653 2028 ἄλλοις
683 1956 819 2038 ἔγραψεν,
851 1953 931 2036 αὐτῷ
957 1959 987 2020 δλ
1018 1959 1071 2022 osia
1103 1961 1252 2030 ἐδήλωσεν.
1301 1956 1412 2040 „itala

395 2071 442 2122 νῦν
479 2065 529 2142 γε“
570 2066 644 2140 φησί
681 2062 817 2146 ,γράψον
855 2073 914 2134 πῶς
952 2062 1023 2144 ἔχεις
1057 2067 1105 2124 καὶ
1128 2061 1166 2142 μή
1200 2069 1273 2134 τινές
1296 2087 1330 2125 σε
1352 2076 1412 2126 τῶν

395 2166 672 2248 συγκυνηγετούντων
694 2173 888 2250 έγκατέλιπον,
913 2169 960 2230 ἵνα
984 2173 1063 2247 δίκην
1085 2173 1183 2235 δῶσι,“
1231 2191 1239 2198 ·

235 2275 358 2340 Eodem
382 2272 453 2337 loco
478 2271 600 2354 legitur
624 2272 765 2355 epistula
788 2275 833 2339 ad
856 2273 1143 2357 Hephaestionem.

400 2397 466 2466 Τοῖς
488 2397 518 2456 δὲ
541 2399 607 2474 περὶ
631 2395 832 2474 Ἡφαιστίωνα
859 2395 907 2459 διὰ
936 2396 1054 2478 πράξεις
1075 2394 1154 2468 τινας
1177 2399 1302 2460 ἀποῦσιν
1327 2402 1411 2479 ἔγρα-

397 2517 452 2578 ψεν
483 2497 525 2562 ὅτι
561 2499 721 2572 παιζόντων
758 2501 852 2564 αὐτῶν
886 2501 959 2581 πρὸς
993 2501 1140 2584 ἰχνεύμονα
1175 2514 1216 2581 τῷ
1241 2507 1411 2582 Περδίκκου

394 2611 519 2686 δορατίῳ
543 2605 706 2687 περιπεσὼν
730 2605 884 2688 Κρατερὸς
906 2606 973 2679 τοὺς
995 2607 1102 2688 μηρούς
1125 2609 1240 2690 ἐτρώθη.

235 2714 369 2782 Verbis:
386 2711 434 2774 διὰ
445 2713 563 2790 πράξεις
574 2711 655 2784 τινὰς
671 2715 796 2776 ἀποῦσιν
807 2713 955 2782 breviter
968 2717 1131 2796 expressit
1141 2716 1339 2782 Plutarchus
1357 2735 1408 2797 ca,

236 2838 319 2903 quae
344 2820 431 2901 apud
455 2819 659 2901 scriptorem,
685 2838 726 2885 ex
742 2841 805 2901 quo
822 2823 992 2903 epistulam
1008 2821 1218 2903 deprompsit,
1244 2821 1409 2903 copiosius

238 2927 382 2992 fortasse
408 2925 557 3006 exposita
581 2932 683 2992 erant.
728 2928 852 2992 Eodem
875 2927 946 2992 loco
972 2932 1130 2992 memorat
1158 2926 1329 3009 epistulam
1361 2929 1407 2994 ad

236 3033 433 3114 Alexippum
456 3031 615 3097 medicum
641 3033 739 3098 etad
763 3032 950 3098 Craterum:

396 3159 550 3217 Πευκέστα
585 3157 615 3217 δὲ
651 3162 799 3228 σωθέντος
829 3155 862 3220 έν
895 3179 971 3228 τινος
1001 3157 1160 3226 dederetur
1190 3155 1302 3238 ἔγραψε
1334 3155 1409 3236 πρὸς

391 3259 562 3332 Ἀλέξιππον
585 3259 634 3322 τὸν
657 3261 755 3338 ίατρύν
779 3264 963 3343 εὐχαριστῶν.
1009 3267 1164 3341 Κρατεροίν
1194 3265 1224 3324 δὲ
1254 3271 1408 3333 νοσοῦντος

399 3362 470 3444 ὄψιν
493 3363 557 3427 idcio
580 3367 650 3428 καθ’
677 3364 762 3429 ύπνου
792 3366 879 3439 αὐτός
908 3373 941 3428 τέ
961 3390 1042 3439 τινας
1066 3372 1175 3439 θυσίας
1198 3367 1303 3429 ἔδυσεν
1334 3371 1407 3446 ὑπὲρ

398 3473 488 3534 αὐτοῦ
510 3473 631 3551 κάκείνῳ
656 3482 749 3534 θῦσαι
774 3476 926 3535 ἐκέλευσεν.

237 3596 330 3661 Ηυυυ
355 3598 458 3664 vcrha
482 3616 523 3664 ex
551 3597 690 3679 epistula
721 3599 915 3679 deprompta
946 3615 1018 3664 esse
1048 3597 1255 3679 perspicuum
1286 3610 1405 3664 estex

237 3702 377 3783 epistula
400 3704 582 3768 Alexandri
605 3703 647 3768 ad
670 3702 868 3770 Pausaniam
893 3701 1062 3785 medicum,
1087 3721 1171 3784 quae
1195 3706 1309 3770 eodem
1332 3704 1403 3770 loco

236 3807 367 3890 legitur.
415 3809 577 3872 Arerum
600 3815 710 3874 autem
741 3808 904 3890 scriptore
934 3806 1053 3890 prioris
1084 3809 1206 3875 aetatis
1237 3828 1307 3875 eam
1340 3829 1403 3876 me-

238 3911 360 3978 moriae
385 3913 547 3994 proditam
571 3932 642 3979 asse
666 3922 758 3996 patet
782 3933 823 3979 ex
845 3913 1044 3994 narratione,
1069 3917 1112 3982 ad
1136 3934 1230 3997 quam
1247 3916 1403 3998 adjuncta
1500 3909 1501 3927 ¹

238 4027 297 4084 est.
344 4021 380 4082 Iu
413 4019 475 4083 hoc
505 4037 626 4098 genere
655 4025 706 4085 est
737 4020 879 4101 epistula
911 4020 982 4102 ejus
1009 4021 1053 4084 ad
1081 4021 1294 4102 Antipatrum
1317 4022 1403 4088 Plut.
1500 4069 1501 4078 ε

236 4122 295 4188 vit.
321 4124 413 4189 Alex
438 4123 600 4192 XXXIX.
