3008 4614
647 145 689 212 87

85 343 164 413 ibid.
188 365 219 428 p.
246 342 318 410 102.
349 349 441 410 recte
471 361 536 410 non
564 341 743 412 assentitur
774 342 821 410 ai:
868 339 1064 409 Plutarchus
1092 342 1175 408 enim
1207 342 1251 408 ad

87 452 273 536 epistulam,
314 469 409 532 quam
446 451 558 517 eodem
597 452 668 517 loco
707 449 839 533 attulit,
877 448 1014 516 aliorum
1052 446 1250 531 scriptorum

87 557 308 626 sanationem
332 560 448 641 copula
472 559 502 620 δὲ
526 557 692 642 adjunxit,
725 575 825 638 quare
852 557 954 624 verbo
983 557 1058 636 part
1087 573 1164 621 usus
1188 559 1249 639 est,

87 667 171 748 quod
202 683 274 733 cum
303 663 348 730 sit
378 662 536 730 traditum
565 663 865 742 repastinata
896 662 1092 728 mutandum.
1146 659 1251 741 Vogel

16 833 17 870 γ
88 771 217 858 (ibidem
246 791 277 854 p.
302 770 345 859 6).
389 776 484 852 putat
518 788 559 836 ex
593 772 733 853 epistula
767 775 897 852 sumpta
930 787 1003 834 asse
1037 767 1136 834 etiam
1169 767 1252 833 haec

87 877 256 945 Plutarchi
278 876 350 964 (1111.
374 877 467 946 Alex.
488 877 587 964 XIII)
610 879 728 946 verba:
752 873 844 946 Ὅλους
866 876 896 937 δὲ
920 878 968 937 καλ
990 871 1025 937 τό
1047 878 1112 957 περὶ
1127 875 1251 936 Κλεῖτον

89 982 167 1066 ε’ργον
190 989 219 1045 έν
243 983 309 1061 οίνῳ
331 981 480 1065 γευόμενον
509 987 558 1045 καὶ
585 981 635 1062 τὴν
667 981 740 1061 πρός
759 979 864 1054 Ἰνδοὺς
892 992 946 1045 τῶν
968 978 1146 1043 Μακεδόνων
1179 980 1250 1043 άντο-

89 1093 239 1164 δειλίασιν,
273 1086 369 1170 ὥσπερ
399 1090 487 1170 άτελῆ
515 1087 566 1170 τὴν
593 1093 748 1172 στρατείαν
780 1094 828 1152 καί
858 1087 909 1169 τὴν
937 1086 1024 1161 δόξαν
1051 1087 1140 1150 αὐτοῦ
1167 1109 1250 1169 προι-

88 1201 176 1276 μένιυν
199 1201 240 1270 είς
261 1207 343 1276 μῆνιν
367 1196 454 1280 άυῆγε
475 1194 618 1260 Διονόσου
640 1199 690 1259 καὶ
711 1201 833 1276 νέμεσιν.
879 1196 944 1263 Sed
967 1213 1039 1261 uum
1055 1193 1251 1262 Plutarchus

89 1323 125 1371 ue
147 1306 210 1371 hoo
234 1303 363 1385 quidem
389 1304 461 1372 loco
492 1305 546 1375 vel
573 1302 679 1387 γράφει
706 1304 760 1372 vel
787 1303 900 1387 γρίροι
930 1305 1001 1383 φησὶ
1024 1300 1126 1382 dicat,
1158 1306 1252 1384 patet

88 1410 167 1479 haec
191 1429 314 1493 quoque
337 1412 441 1481 verba
463 1430 528 1478 non
551 1430 623 1479 esse
647 1429 688 1477 ex
722 1411 862 1493 epistula
891 1410 1022 1477 hausta.
1070 1411 1251 1476 Praeterea

89 1517 115 1584 si
136 1537 175 1584 ea
199 1518 395 1587 Plutarchus
419 1537 460 1584 ex
483 1517 625 1602 epistula
648 1517 915 1600 deprompsisset,
940 1516 1052 1599 ἀνάγει,
1077 1534 1142 1582 non
1166 1515 1251 1596 διῆγε

90 1623 232 1692 dixisset.
363 1667 365 1672 -

174 1769 267 1838 Idem
280 1766 437 1852 iudicium
454 1767 543 1834 cadit
557 1766 591 1835 in
606 1767 778 1835 Plutarchi
794 1764 863 1853 (vit.
880 1767 974 1834 Alex.
991 1766 1117 1852 XLIV)
1133 1766 1251 1835 verba:

91 1877 136 1936 καλ
157 1873 297 1958 πελάγους
327 1871 393 1937 ίδῶν
423 1873 532 1937 κόλπον
559 1873 610 1936 οόκ
639 1871 779 1938 έλάττονα
810 1875 862 1953 μὲν
891 1883 941 1936 τοῦ
968 1871 1084 1936 Πόντον
1114 1877 1249 1952 φανέντα,

90 1979 250 2064 γλυκύτερον
273 1983 304 2044 δὲ
327 1990 377 2062 τῆς
403 1977 489 2061 ἄλλης
511 1981 672 2068 θαλάττης,
702 1983 798 2062 σαφὲς
820 1982 872 2061 μδν
894 1982 977 2044 οὐδέν
1000 1978 1065 2062 ἔσγε
1095 1978 1251 2042 πυθέσθαι

91 2092 150 2170 περὶ
186 2090 297 2162 αὐτοῦ,
346 2088 473 2166 μάλιστα
510 2089 541 2150 δὲ
579 2087 678 2151 νίκασε
715 2098 765 2168 τῆς
803 2088 968 2159 Μαιώτιδος
1006 2089 1103 2167 λίμνης
1147 2088 1250 2149 άνακο-

91 2193 141 2274 τὴν
162 2194 247 2269 εἶναι,
280 2213 363 2278 qnae
386 2193 537 2262 Pridieus
564 2193 654 2278 (ibid.
679 2215 709 2278 p.
735 2193 812 2284 111)
837 2213 878 2261 ex
905 2193 1088 2262 Alexandri
1111 2192 1251 2278 epistula

93 2300 219 2370 fluxisse
241 2321 411 2385 perperam
435 2301 577 2386 conjicit.
622 2301 687 2369 Sed
710 2308 802 2369 recte
829 2307 931 2386 negat
961 2301 1052 2388 (ibid.
1076 2323 1107 2384 p.
1131 2298 1187 2388 70)
1211 2318 1251 2368 ex

94 2408 226 2492 epistula
254 2411 445 2495 deprompta
477 2429 548 2478 esse
571 2410 742 2478 Plutarchi
773 2410 846 2498 (vit.
872 2413 964 2478 Alex.
988 2410 1098 2497 LVII)
1131 2411 1250 2480 verba:

96 2519 128 2577 ot
151 2517 181 2578 δὲ
206 2514 323 2596 μάντεις
352 2515 466 2592 ίυδόξου
491 2520 543 2598 μὲν
572 2522 727 2600 στρατείας
757 2515 894 2581 ἐπιπόνου
922 2520 953 2580 δὲ
983 2522 1032 2580 καλ
1063 2519 1189 2600 χαλεπῆς
1217 2514 1250 2580 τό

23 2667 24 2670 ¹
95 2636 201 2702 σημεῖον
223 2630 387 2688 ἐποιοῦντο·
419 2625 513 2689 τόνον
541 2623 596 2708 γάρ
619 2623 733 2709 άρινγὴν
764 2623 861 2688 ἔλαιον
892 2622 1061 2708 ἀνθρώποις
1090 2618 1147 2687 loro
1176 2632 1251 2686 θεοῦ

95 2730 236 2798 δεδόσθαι.

174 2871 270 2955 Apud
303 2873 517 2942 Plutarchum
553 2873 693 2956 denique
732 2873 790 2944 vit.
824 2875 916 2940 Alex.
951 2872 1059 2942 LXVI
1092 2873 1249 2958 legumus:

26 3023 27 3038 ι
96 2977 212 3056 ίμβνλάν
246 2981 277 3042 δὲ
310 2993 374 3052 ταῖς
407 2986 507 3044 ναυσὶν
534 2987 574 3052 είς
606 2980 656 3045 τόν
690 2978 831 3046 Ὠκεανόν
863 2981 1018 3044 ἀνέπλευσε
1050 2979 1123 3064 πρός
1153 2990 1248 3064 νῆσον,

97 3079 124 3160 ἣν
163 3088 349 3150 Σκιλλοῦστιν
386 3084 473 3160 αὐτός
509 3086 675 3168 ὠνόμασεν,
722 3089 813 3168 ἕτεροι
859 3090 889 3151 cl
933 3091 1095 3155 Ψιλτοῦκιν.
1157 3088 1250 3172 Quod

27 3281 28 3290 γ
97 3188 209 3260 hsulae
245 3213 363 3262 nomen
401 3195 613 3264 Plutarchum
650 3196 685 3263 in
724 3196 908 3264 Alexandri
952 3196 1093 3280 epistula
1129 3195 1249 3280 legisse

27 3295 28 3302 ’
98 3295 358 3368 existimaverunt
387 3299 451 3368 viri
474 3302 569 3369 docti.
579 3301 606 3389 1)
651 3303 804 3370 Pridieus
834 3301 925 3388 (ibid.
955 3323 986 3386 p.
1012 3300 1075 3369 108
1099 3301 1163 3388 sq.)
1195 3300 1250 3382 qui

99 3402 131 3468 de
151 3424 244 3473 voce:
268 3409 456 3480 Σκιλλοῦστιν
479 3408 639 3491 copiosius
655 3411 759 3476 verba
782 3409 869 3489 facit
894 3409 1052 3493 epistulae
1074 3408 1249 3477 veritatem

99 3511 294 3580 confirmasse
310 3513 374 3580 sibi
397 3513 538 3583 videtur.
579 3515 645 3583 Sed
661 3517 866 3600 Plutarchus,
891 3516 919 3582 si
940 3517 1024 3582 haee
1046 3535 1086 3583 ex
1109 3515 1250 3597 epistula

99 3615 353 3704 deprompsisset,
389 3627 452 3688 hon
480 3622 583 3689 solum
609 3623 719 3690 verbis
753 3629 782 3686 λι
813 3626 947 3703 ἐπιστολῇ
969 3623 1023 3689 vel
1046 3620 1166 3704 γράφων
1188 3621 1249 3688 hoc

100 3739 211 3806 quoque
233 3727 303 3793 loco
327 3745 405 3795 usus
428 3733 525 3813 esset,
550 3730 607 3797 scd
623 3730 722 3798 etiam
738 3729 870 3810 ὀνομάζει
885 3749 943 3814 pro
959 3729 1088 3807 ν’ννόμασε
1105 3728 1248 3796 dixisset.

100 3826 263 3901 Praeterea
286 3852 358 3900 eum
382 3853 489 3902 rerum
513 3835 694 3903 Alexandri
717 3837 895 3921 scriptores
920 3855 1003 3918 quae
1026 3835 1156 3903 nomina
1172 3837 1248 3903 Ale·

100 3938 209 4004 moder
230 3941 365 4008 urbibus
388 3939 562 4010 indidisset
582 3945 745 4011 interdum
769 3942 1029 4026 memoraverim,
1052 3943 1143 4009 velut
1159 3943 1246 4009 Plut.

28 4105 29 4132 i
102 4102 295 4120 Ἢ*-

177 4203 196 4274 1)
213 4204 340 4262 Sohaefar
357 4206 418 4264 ibid.
436 4224 461 4277 p.
480 4207 550 4280 4455
570 4207 654 4277 Vogel
671 4207 732 4265 ibid.
751 4225 777 4278 p.
797 4209 831 4264 16
837 4232 845 4280 ;
863 4207 971 4263 Hersen
991 4208 1052 4262 ibid.
1071 4223 1096 4276 p.
1115 4206 1175 4263 286.
