3016 4612
813 118 856 185 48

406 308 495 375 >litt
527 315 577 374 nni
604 296 791 394 Ἀλέξανδρος
820 311 905 384 αὐτὸς
936 312 1026 386 atidv's
1057 320 1201 396 Κρατερῷ
1225 317 1342 398 γράφων
1374 323 1423 380 καὶ

406 403 536 496 Ἀττάλῳ
558 421 607 480 καὶ
626 419 747 497 Ἀλκέτᾳ
771 423 842 498 φησὶ
863 418 930 491 τούς
958 426 1066 492 παῖδας
1087 419 1330 502 βασανιζομένους
1352 429 1422 502 ὁμο-

1489 188 1493 221 l

1488 236 1492 358 l

411 527 503 604 loreia
538 529 575 596 ὡς
608 526 692 589 αὐτοὶ
723 521 815 588 acha
850 523 1008 606 πράξειαν,
1044 524 1130 598 ἄλλος
1164 530 1196 590 δὲ
1231 529 1325 602 οὐδεὶς
1356 553 1421 591 συν-
1491 557 1492 572 ¹

412 635 507 709 ειόείη,

251 755 403 839 Epistula
426 757 506 821 data
529 763 581 822 est
607 754 745 838 Bactris,
773 757 829 823 ubi
851 762 929 822 tuno
952 757 1142 824 Alexander
1163 763 1250 826 teste
1276 759 1421 826 Arriano
1494 837 1495 840 Ἴ

251 861 322 948 (IV,
347 861 421 947 22,1
447 861 509 949 sq.)
532 864 733 929 morabatur.
780 862 899 946 Duces,
925 864 967 928 ad
992 882 1071 944 quos
1095 864 1236 946 epistula
1259 866 1338 932 data
1362 877 1422 947 est,

250 968 307 1034 illo
341 980 489 1051 tempore
523 971 682 1036 adversus
716 968 874 1035 Catanem
904 970 1149 1051 Austanemque
1183 971 1217 1036 in
1251 971 1421 1055 regionem

249 1078 549 1143 Paraetacenorum
579 1075 694 1143 missos
723 1093 795 1143 esse
825 1082 970 1144 testatur
999 1075 1163 1143 Arrianus
1194 1078 1308 1142 eodem
1337 1077 1420 1144 loeo.

250 1182 304 1248 Ex
326 1200 364 1249 eo
389 1187 507 1261 autem,
533 1183 620 1263 qnod
643 1180 784 1264 epistula
808 1184 851 1248 ad
873 1188 943 1249 tres
966 1184 1066 1249 duces
1090 1182 1169 1248 data
1192 1187 1251 1264 est,
1275 1181 1421 1266 intelligi
1494 1221 1495 1224 =

250 1290 328 1355 lieet
350 1307 422 1355 eam
445 1306 558 1355 veram
582 1307 671 1355 esse:
706 1287 862 1356 falsarius
885 1288 970 1355 enim
993 1287 1100 1370 potius
1124 1289 1167 1354 ad
1184 1305 1303 1367 nuum,
1336 1291 1424 1370 quod
1494 1326 1495 1334 κ

251 1396 333 1460 satis
356 1399 442 1477 erat,
478 1413 576 1475 quam
605 1396 649 1460 ad
678 1400 748 1462 tres
778 1396 878 1462 duces
910 1396 1023 1461 datam
1054 1393 1228 1477 epistulam
1259 1393 1419 1477 finxisset,

250 1499 445 1582 praesertim
469 1519 541 1566 cum
566 1519 631 1566 non
654 1500 753 1568 facile
777 1502 860 1568 seire
877 1507 989 1582 posset
1010 1500 1085 1568 illos
1101 1502 1201 1568 duces
1218 1520 1256 1567 eo
1272 1507 1423 1584 tempore

251 1623 316 1672 non
338 1604 441 1672 luisse
465 1625 539 1672 cunr
554 1606 752 1674 Alexandro.
791 1609 871 1675 Ounr
894 1612 1003 1674 antem
1026 1605 1195 1686 Craterus,
1219 1612 1305 1674 teste
1326 1608 1422 1675 Arri·

251 1731 314 1778 auo
338 1711 408 1798 (IV,
433 1709 525 1797 22,2)
548 1713 725 1780 rebellibus
748 1712 887 1781 devietis
911 1714 1038 1780 Bactra
1058 1711 1202 1796 redierit,
1226 1713 1387 1780 Kaerstio
1400 1717 1421 1799 ¹)
1488 1756 1495 1814 κ]

250 1837 365 1900 parum
398 1817 469 1885 veri
503 1817 609 1885 simile
643 1819 774 1886 uidetur
803 1819 1025 1885 Alexandrum
1060 1819 1105 1884 ad
1134 1817 1308 1885 Craterum
1343 1839 1421 1886 mox
1484 1818 1495 1880 ¹,

250 1927 433 1991 rediturum
458 1926 500 1991 do
523 1926 587 1990 hac
609 1925 841 2008 rescripsisse.
882 1923 977 2006 Quod
992 1932 1219 2007 argumentum
1235 1926 1425 2006 probarem,

252 2034 279 2098 si
302 2051 361 2112 pro
385 2036 475 2096 certo
498 2030 685 2098 habendum
708 2039 795 2098 esset
819 2032 1045 2098 Alexandrum
1072 2030 1153 2097 nihil
1180 2030 1270 2097 aliud
1298 2031 1333 2096 in
1354 2033 1422 2098 hac
1494 2095 1495 2132 ,

252 2137 390 2218 epistula
424 2136 610 2219 scripsisse,
646 2135 710 2202 nisi
740 2137 781 2202 de
816 2139 878 2202 hac
906 2156 955 2219 re;
990 2155 1077 2204 nune
1111 2145 1220 2203 autem
1250 2137 1424 2204 Hauseuio
1494 2199 1495 2208 ,

251 2241 423 2321 assentior,
449 2242 506 2325 qui
520 2243 642 2308 ibidem
658 2263 690 2326 p.
707 2240 771 2308 267
786 2243 868 2310 illud
885 2245 1006 2311 nullius
1021 2243 1178 2312 momenti
1193 2250 1423 2326 argumentum
1494 2239 1495 2244 ’

250 2367 322 2416 esse
345 2354 438 2414 reete
455 2348 544 2415 dicit.
581 2351 666 2415 Nam
682 2366 753 2414 cum
771 2349 812 2414 de
827 2350 924 2416 rebus
939 2349 1209 2416 administrandis
1225 2349 1420 2416 Alexander

251 2456 293 2522 ad
316 2474 372 2521 eos
396 2454 567 2537 scripsisse
590 2455 753 2538 putandus
777 2455 835 2536 sit,
865 2455 963 2522 facile
992 2458 1153 2522 concedes
1184 2474 1258 2522 eum
1282 2457 1323 2522 de
1347 2455 1423 2523 aliis

250 2562 347 2627 rebus
371 2561 568 2629 scribentem
591 2561 691 2628 etiarn
714 2562 754 2625 de
778 2562 843 2627 hac
865 2579 902 2626 re
925 2579 1029 2644 pauca
1052 2561 1254 2645 adjunxisse:
1287 2562 1422 2628 sodales
1491 2587 1493 2648 3

249 2667 336 2735 enim
358 2667 552 2747 Alexandri,
585 2665 853 2749 quotiescumque
881 2685 935 2734 res
966 2668 1103 2750 gerendi
1138 2686 1237 2734 causa
1271 2669 1422 2750 aberant,

251 2774 409 2856 epistulas
432 2780 466 2841 et
490 2775 618 2842 dedisse
642 2775 685 2839 ad
708 2774 932 2839 Alexandrum
964 2778 998 2839 et
1029 2775 1071 2838 ab
1095 2792 1133 2840 eo
1158 2773 1302 2856 scriptas
1328 2792 1424 2840 acce·
1492 2849 1493 2860 χ

250 2881 336 2962 pisse
359 2898 424 2946 non
447 2881 552 2947 solum
575 2885 828 2947 consentaneum
853 2887 914 2961 est,
938 2880 1121 2947 sedetiam
1145 2879 1306 2965 epistulis,
1338 2899 1423 2961 quas
1492 2873 1493 2924 Ὗ

250 3092 424 3176 epistulam
440 3091 604 3158 subditam
620 3110 701 3170 esse,
719 3092 805 3172 quod
820 3091 1029 3159 Ptolemaeus
1045 3091 1317 3173 Aristobulusque
1333 3099 1423 3159 teste

250 3199 392 3266 Arriano
424 3197 559 3284 (ibidem
589 3217 616 3266 e.
648 3198 737 3286 rat)
772 3198 870 3265 aliter
899 3217 968 3263 rem
998 3202 1219 3281 exposuerant
1249 3205 1350 3280 atque
1386 3198 1422 3265 iu

140 2995 149 3006 ‘
249 2986 339 3053 infra
353 3004 524 3068 exponam,
546 2987 765 3054 confirmatur.
806 2987 872 3053 Sed
887 3004 929 3052 ne
944 2988 1022 3053 inde
1038 2985 1169 3068 quidem
1184 2986 1294 3068 colligi
1310 2994 1423 3068 potest
1492 2983 1493 2986 ’

251 3304 392 3388 epistula
413 3304 560 3387 legimns.
608 3304 841 3372 Callisthenem
865 3304 951 3371 enirn
981 3305 1090 3371 multis
1119 3304 1193 3370 odio
1217 3303 1320 3371 fuisse
1346 3323 1422 3371 cou-
1492 3359 1493 3380 2

251 3417 336 3478 stat:
360 3430 425 3477 non
447 3409 565 3476 mirum
587 3409 688 3492 igitur
711 3412 795 3493 quod
819 3412 1027 3478 Ptolemaeus
1055 3418 1089 3478 et
1111 3410 1321 3477 Aristobulus
1347 3409 1422 3477 odio

251 3516 392 3584 fortasse
416 3514 577 3594 commoti,
601 3521 640 3582 ut
662 3517 789 3598 culpam
811 3516 846 3582 in
870 3517 1101 3584 Callisthenem
1125 3515 1321 3599 conferrent,
1354 3535 1422 3582 non

252 3621 485 3690 dubitauerunt
507 3621 729 3688 testimonium
752 3623 928 3689 Hermolao
958 3623 1123 3688 subditum
1146 3621 1302 3703 prolerre.
1352 3622 1421 3688 Sed

252 3731 293 3795 de
317 3727 517 3796 Callisthene
546 3748 612 3795 nou
640 3727 775 3795 multum
805 3729 882 3794 fidei
910 3729 1095 3796 habendum
1126 3746 1198 3794 esse
1225 3729 1419 3794 Ptolemaeo

252 3835 504 3917 Aristobuloque
520 3833 661 3918 intelligi
675 3833 755 3901 licet
771 3851 812 3900 ex
828 3835 967 3900 Arriano
984 3834 1119 3920 (ibidem
1135 3853 1162 3902 c.
1188 3832 1285 3919 14,3),
1303 3833 1360 3913 qni
1377 3833 1418 3899 de

250 3941 291 4007 iis
315 3940 413 4008 dicit:
442 3936 531 4012 obruor
553 3941 617 4002 etot
641 3945 668 4003 oi
689 3933 768 4003 anien
790 3943 888 4002 alorci
917 3941 946 4012 a·
968 3937 1020 4019 τήν
1047 3936 1190 4022 ἀφήγησιν
1221 3942 1270 4000 καὶ
1293 3937 1420 4020 ξυγγενό-

341 4150 362 4220 ¹)
380 4150 569 4220 Forsobuugen
586 4167 611 4219 p.
631 4150 691 4206 110.
709 4151 742 4204 el.
762 4149 844 4205 etiarn
859 4149 954 4208 Philol.
973 4151 1016 4220 LI,
1036 4166 1062 4218 p.
1080 4153 1143 4207 604.
