3008 4614
771 98 836 166 144

219 316 346 379 quoque
362 296 638 380 Hephaestionem
655 295 800 362 minaces
816 294 975 378 epistulas
999 314 1071 362 eam
1087 293 1217 360 dedisse
1230 291 1389 360 credibile

220 410 288 470 est:
312 405 519 486 nequeenim
544 422 584 470 ea
607 408 690 486 erat,
716 420 799 484 quae
814 421 918 484 aequo
935 402 1042 468 animo
1066 399 1180 485 ferret,
1200 401 1292 482 -quod
1313 399 1390 480 quis

219 513 260 577 ab
284 510 472 576 Alexandro
495 516 564 576 tam
589 508 782 591 diligeretur
805 508 972 591 tantIsqne
988 507 1177 575 afficeretur
1198 504 1388 588 honoribus,

221 617 352 700 quantis
375 616 589 700 Hephaestio.

308 723 493 807 Epistulas,
525 741 605 804 quae
634 724 792 805 hactenus
823 722 971 806 exposui,
1002 721 1094 788 dedit
1117 719 1285 803 Olympias
1310 723 1389 786 ante

220 829 404 898 Alexandri
431 837 578 896 mortem.
613 829 696 896 Post
719 829 789 914 ejus
816 837 951 896 mortem
980 826 1090 894 multis
1121 825 1390 910 gravissimisque
1446 873 1449 878 ,

221 937 308 1006 curis
332 935 493 1020 confecta,
517 935 717 1018 temporibus
741 934 931 1018 periculosis
956 936 1117 1014 rebusque
1141 931 1291 1001 adversis
1314 949 1392 998 exa·

190 1117 193 1124 ,
221 1043 329 1129 gitata
350 1042 455 1110 multa
478 1042 550 1109 sine
578 1043 674 1109 dubio
698 1042 767 1126 egit
791 1061 849 1125 per
872 1041 1037 1125 epistulas,
1068 1059 1205 1122 quarum
1235 1036 1392 1118 reliquias

222 1169 308 1218 nuuc
331 1148 476 1217 afferam.
698 1153 701 1162 ’

312 1255 482 1338 Olympias
499 1273 571 1320 cnm
595 1255 910 1338 aPolysperchonte
933 1252 1081 1336 epistulis
1102 1241 1269 1320 admonita
1293 1261 1392 1333 esset,

223 1368 260 1428 ut
289 1381 331 1429 ex
352 1361 472 1445 Epiro,
504 1361 559 1426 nbi
587 1366 665 1428 tnnc
694 1363 908 1441 versabatur,
941 1361 976 1432 iu
999 1359 1227 1428 Macedoniam
1255 1356 1393 1439 rediret,

208 1468 397 1551 epistulam
426 1468 467 1534 ad
490 1467 670 1534 Eumenem
693 1467 833 1552 scripsit,
863 1486 928 1549 qua
951 1468 993 1534 ab
1017 1485 1054 1533 eo
1085 1465 1240 1533 auxilium
1264 1461 1396 1530 consili-

224 1593 342 1658 umque
371 1580 518 1658 peteret,
556 1573 648 1657 cujus
686 1573 846 1657 epletulae
883 1574 1078 1642 mentionem
1114 1572 1195 1640 iacit
1228 1571 1395 1639 DIodorns

224 1681 352 1762 XVIII,
377 1678 467 1764 58‚3:

384 1811 433 1891 ἧκε
456 1816 486 1876 δὲ
509 1817 558 1877 καὶ
580 1815 648 1894 παρ’
671 1814 867 1893 Ὀλυμπιάδος
889 1815 967 1893 αὐτῷ
990 1813 1158 1897 γράμματα,
1189 1816 1323 1890 δεομένης
1345 1813 1395 1871 καὶ

383 1919 560 2001 λιπαρούσης
587 1925 708 2003 βοηθεῖν
736 1934 797 1994 τοῖς
828 1923 979 2004 βασιλεῦσι
1009 1945 1058 1982 και
1088 1925 1190 2000 ἑαυτῇ·
1221 1915 1309 1998 μόνον
1339 1915 1394 2000 γὰρ

385 2034 490 2091 ἐκεῖνον
519 2028 693 2093 πιστότατον
722 2026 938 2110 ἀπολελεῖφθαι
968 2038 1022 2092 τῶν
1052 2029 1142 2108 φίλων
1169 2030 1218 2088 καὶ
1241 2024 1396 2105 δυνάμενον

384 2132 611 2216 διορθώσασθαι
643 2133 694 2215 τὴν
723 2139 842 2216 ἐρημίαν
868 2145 917 2214 τῆς
945 2136 1095 2218 βασιλικῆς
1120 2137 1221 2204 οἰκίας.
1259 2131 1338 2212 ἠξίου
1368 2134 1393 2193 δ

383 2238 472 2303 αὐτὸν
495 2245 512 2319 ἡ
533 2241 695 2320 Ὀλυμπιὰς
717 2244 927 2322 συμβουλεῦσαι
950 2234 1072 2321 πότερον
1095 2241 1171 2318 αὐτῷ
1188 2245 1270 2302 δοκεῖ
1286 2243 1396 2318 συμφέ-

381 2370 440 2429 ρειν
470 2351 562 2426 μένειν
597 2346 684 2428 αὐτὴν
716 2353 746 2410 ἐν
779 2347 906 2428 Ἠπείρῳ
940 2351 988 2409 καὶ
1021 2345 1060 2426 μὴ
1092 2345 1235 2408 πιστεύειν
1261 2357 1321 2416 τοῖς
1348 2344 1395 2406 ἀεὶ

381 2458 497 2516 δοκοῦσι
519 2455 572 2532 μὲν
595 2456 777 2533 ἐπιμεληταῖς
800 2451 880 2534 εἶναι,
912 2463 946 2532 τῇ
968 2455 999 2516 δὲ
1023 2453 1149 2533 ἀληθείη
1171 2450 1222 2531 τὴν
1243 2453 1396 2532 βασιλείαν

382 2565 422 2631 είς
445 2557 563 2631 ἑαυτοὺς
585 2567 771 2640 μεθιστῶσιν,
797 2557 814 2640 ἢ
836 2564 1061 2640 ἐπανέρχεσθαι.

221 2697 324 2761 Teste
349 2693 494 2760 DIodoro
524 2673 645 2759 ibidem
668 2693 831 2760 Eumenes
861 2692 946 2758 hanc
976 2693 1147 2774 epistulam
1173 2691 1300 2772 accepit
1323 2708 1396 2756 cum

225 2820 243 2866 e
267 2800 365 2867 Neris
388 2799 533 2866 castello
566 2799 771 2866 excessisset.
817 2798 974 2881 Ejusdem
1007 2797 1168 2881 epistulae
1197 2798 1396 2864 mentionem

107 2902 109 2906 ’
223 2905 306 2973 facit
328 2907 526 2973 Plutarchus
550 2905 608 2973 vit.
632 2905 726 2970 Eum.
750 2904 846 2989 XIII,
872 2904 908 2970 1:

386 3039 522 3120 ψεύηονει
545 3039 576 3100 δὲ
598 3038 720 3116 Εὐμένει
742 3038 897 3120 γράμματα
920 3038 1065 3118 κομίζεταιΙ
1081 3034 1162 3117 παρὰ
1177 3046 1232 3099 νῶν
1252 3043 1282 3099 ἐν
1297 3040 1396 3098 Μακε-

384 3148 465 3222 δονίη
495 3141 547 3224 νῆν
572 3143 734 3225 Ἀντιγόνου
763 3141 932 3206 δεδοικότων
967 3140 1098 3224 αὔξησιν,
1130 3140 1322 3222 Ὀλυμπιάδος
1343 3147 1396 3221 μὲν

385 3245 608 3330 παρακαλούσης
633 3247 760 3313 ἐλθόντα
790 3248 824 3312 ιδ
848 3246 1039 3330 Ἀλεξίνδρυυ
1070 3253 1186 3312 παιδίον
1215 3252 1396 3330 παραλαβεῖν

385 3360 435 3418 καὶ
457 3352 574 3437 τρέφειν
596 3360 633 3428 ὡς
655 3357 913 3439 ἐπιβουλευόμενον.

227 3491 353 3558 Eodem
382 3497 526 3571 tempore
559 3491 719 3557 munima·
740 3497 817 3558 sunt
839 3490 980 3558 Eumeni
1010 3500 1043 3556 et
1065 3489 1210 3572 Philippi
1244 3489 1335 3573 regis
1364 3493 1399 3556 et

227 3595 514 3680 Polysperchontir
539 3595 708 3680 epIstulae,
741 3616 822 3678 quas
846 3603 880 3663 et
903 3596 1066 3665 Diodorus
1096 3596 1215 3663 ibidem
1239 3599 1399 3662 memorat

228 3711 263 3771 et
285 3703 483 3770 Plutarchus
507 3703 620 3770 eodem
642 3702 712 3770 loco
737 3702 881 3786 exponit,
907 3705 964 3772 sed
980 3703 1167 3784 brevitatis,
1192 3709 1230 3770 ut
1253 3702 1397 3785 videtur,

228 3829 328 3876 causa
357 3813 398 3876 de
428 3811 577 3878 omnibns
613 3809 710 3877 dicit:
745 3807 828 3892 παρὰ
857 3820 913 3874 νῶν
943 3816 972 3872 εν
1001 3813 1171 3889 Μακεδονίᾳ
1203 3828 1399 3892 quamquam

230 3916 399 3998 Olympias
423 3924 503 3984 tnnc
526 3921 611 3983 teste
625 3916 768 3983 Diodoro
792 3916 936 4001 (ibidem,
960 3916 1111 3984 conferas
1135 3917 1234 3984 etiam
1258 3935 1286 3982 ο.
1310 3915 1398 4000 57,2)

229 4023 262 4088 in
297 4022 400 4105 Epiro
435 4025 635 4089 morabatur.
694 4023 787 4106 Quod
822 4028 931 4090 antem
967 4025 1129 4106 epistulae
1159 4025 1278 4107 verba,
1314 4040 1398 4114 qnae

228 4128 426 4195 Plutarchus
437 4129 550 4212 tradit,
564 4131 694 4212 paulum
702 4130 892 4212 discrepant
904 4132 945 4199 ab
957 4129 1007 4215 iis,
1021 4149 1105 4212 quae
1117 4131 1205 4214 apud
1218 4129 1398 4202 DIodorum
