3008 4614
802 146 868 212 140

409 346 554 428 Amabo,
600 341 725 428 inquit,
764 343 809 409 mi
850 343 914 430 fili,
959 341 1108 424 quiesces
1145 359 1250 422 neque
1290 338 1423 408 deferas

411 469 463 518 me
486 468 592 530 neque
616 449 789 516 criminere
810 449 983 516 adversum
997 447 1176 530 dunonem;
1200 446 1324 514 malum
1340 446 1425 512 mihi

410 575 543 640 prorsus
573 556 632 624 illa
663 575 817 640 magnum
845 553 946 638 dabit,
978 573 1051 623 cum
1074 560 1112 620 tu
1134 573 1185 620 me
1208 553 1331 621 litteris
1354 552 1422 619 tuis

409 662 566 746 paelicem
591 680 663 729 esse
686 662 741 731 ille
764 661 939 729 confiteris.

250 770 441 836 Alexander
466 775 578 837 entem
602 770 691 851 quod
713 786 842 852 semper
866 787 901 835 se
923 765 1068 850 Philippi
1090 765 1192 832 filium
1215 772 1250 833 et
1271 764 1424 832 Heracli-

252 876 323 942 dem
344 874 518 962 judicavit,
543 875 614 943 sine
639 875 736 943 dubio
759 876 794 942 in
818 873 960 958 epistula
982 875 1026 940 ad
1049 878 1188 940 matrem
1214 873 1347 939 datare
1364 891 1423 954 per

248 983 355 1067 jocum
378 982 509 1066 quidem
524 982 714 1049 Hammonis
735 981 838 1048 filium
861 999 897 1048 se
913 979 1102 1063 appellavit.
1137 977 1304 1063 Olympias
1319 977 1425 1060 igitur

250 1108 314 1156 non
349 1094 421 1156 erat
456 1109 514 1156 cur
548 1089 629 1156 talia
663 1090 705 1156 ad
740 1107 813 1155 eum
847 1087 1056 1154 rescriberet.
1111 1085 1270 1152 Homines
1309 1090 1424 1151 autem

250 1194 438 1277 posterioris
462 1198 593 1280 aetatis,
618 1200 655 1262 ut
678 1194 807 1282 supra1)
831 1193 909 1274 dixi,
934 1213 1006 1261 cum
1030 1192 1134 1260 multa
1165 1194 1205 1259 de
1236 1190 1426 1259 Alexandri

252 1301 499 1369 consecratione
521 1301 646 1369 tradita
670 1306 791 1386 essent,
816 1301 915 1368 facile
938 1299 1059 1368 adduci
1080 1305 1244 1382 poterant,
1272 1302 1312 1365 nt
1333 1297 1425 1364 talia

253 1407 346 1489 quasi
369 1409 647 1492 apophthegmata
669 1408 842 1492 fingerent.

340 1514 479 1582 Veteres
487 1534 604 1596 coquos
615 1516 737 1584 rituum
750 1513 958 1582 sacrificandi
970 1513 1092 1596 peritos
1104 1510 1206 1580 fuisse
1220 1512 1427 1578 demonstret

251 1621 441 1712 Athenaeus
464 1622 555 1705 XIV,
583 1619 715 1705 laeter
738 1619 943 1706 Olympiadis
964 1622 1009 1687 ad
1024 1620 1249 1687 Alexandrum
1264 1617 1423 1701 epistula:

408 1729 559 1808 Ἐμφοιίεοι
589 1729 614 1790 d
646 1729 737 1790 aeros
766 1726 969 1814 (eoquorum)
990 1725 1041 1808 τὴν
1064 1728 1213 1808 ἐμπειρίαν
1236 1727 1285 1786 uel
1309 1728 1327 1802 ἡ
1349 1721 1425 1806 πρὸς

406 1835 595 1915 Ἀλέξανδρον
624 1832 817 1913 Ὀλυμπιάδος
849 1831 1000 1918 turnoli-
1039 1838 1255 1914 προτρεπομένη
1287 1830 1426 1913 μάγειροι

411 1937 483 2022 αὑτῇ
506 1944 655 2025 πρίασθαι
678 1951 792 2006 motois
813 1939 947 2023 ἔμπειρον
962 1944 980 2020 ἡ
994 1940 1085 2022 μήτηρ
1101 1943 1181 2019 φησί.
1202 1940 1360 2020 ’Πελίγναν
1374 1935 1427 2000 τὸν

386 2123 388 2128 ¹
411 2046 548 2134 μάηειροτ
569 2049 641 2130 λαβὲ
664 2046 746 2126 παρὰ
768 2058 819 2128 τῆς
840 2048 953 2128 μητρός,
978 2043 1061 2118 οὗτος
1083 2044 1138 2128 yo'p
1163 2044 1223 2109 odda
1238 2043 1276 2106 τοὶ
1291 2044 1356 2125 ἱεροί
1371 2069 1427 2107 σου

410 2155 447 2219 τοὶ
477 2164 599 2235 πατρῷοι
630 2155 724 2218 πάντα
753 2152 913 2234 ὃντρότον
936 2153 1040 2216 θύεται
1063 2151 1172 2214 καὶτὰ
1196 2147 1426 2238 ἀργαδιστικοὶἳ)

412 2265 461 2324 καὶ
491 2260 529 2324 τὰ
552 2262 700 2344 Βακχικά,
729 2258 786 2324 ὅσοι
814 2284 846 2324 τε
865 2257 1024 2339 Ὀλυμπιάς
1045 2255 1208 2339 προθῦεται
1230 2253 1314 2328 οὗτος
1336 2255 1425 2322 οἶδεν.

413 2365 453 2447 μὴ
476 2363 525 2430 οὖν
548 2367 707 2448 ἀμελήσῃς,
732 2365 808 2432 ἀλλὰ
831 2369 910 2450 λαβέ.
938 2350 987 2428 aci
1010 2363 1182 2428 ἀπόστειλον
1204 2361 1278 2444 πρὸς
1300 2365 1351 2443 ἐμὲ
1373 2362 1428 2443 τὴν

411 2475 564 2556 conplosae?

254 2578 375 2649 Verbis
401 2580 620 2662 προτρεπομένη
644 2579 781 2663 μοήειροτ
810 2584 884 2660 αὐτῇ
910 2579 1059 2661 πρίασθαι
1082 2577 1208 2646 indicet
1230 2577 1427 2644 Athenaeus
1456 2563 1458 2572 Ι

256 2687 485 2770 Olympiadem
517 2688 560 2753 ab
587 2686 778 2754 Alexandro
806 2686 979 2771 petivisse,
1008 2692 1046 2753 nt
1073 2685 1137 2751 sihi
1159 2701 1296 2766 coquum
1325 2686 1427 2751 sacri-

256 2792 378 2860 ficandi
401 2795 541 2875 peritum
563 2800 694 2862 emeret.
741 2793 820 2861 Oum
843 2801 953 2861 antem
970 2792 1131 2876 epistulae
1153 2791 1258 2861 verba
1280 2793 1427 2872 Πελίγναν

257 2895 308 2961 τὸν
337 2897 471 2979 μάγειρον
499 2900 570 2981 λαβὲ
601 2897 684 2980 παρὰ
711 2909 761 2979 τῆς
790 2897 897 2981 μητρὸς
918 2899 1145 2980 Olympiadem
1167 2914 1231 2964 non
1255 2896 1423 2981 petivisse,

229 3005 317 3072 *sed
346 3004 501 3072 obtulisse
530 3005 597 3072 filio
626 3004 713 3072 hunc
743 3021 880 3086 coquum
910 3004 1111 3088 significent,
1141 3001 1355 3070 Oasauhonus
1382 3005 1424 3070 ad

254 3111 286 3180 h.
310 3111 340 3192 1.,
365 3128 459 3191 quem
475 3107 643 3196 Wolhus2)
665 3109 791 3192 laudat,
814 3129 874 3193 pro
890 3113 1106 3193 προτρεπομένη
1120 3106 1257 3190 μάγειρον
1272 3113 1347 3189 ποτῇ
1362 3112 1421 3175 κτλ.

255 3217 428 3303 legendum
468 3214 613 3282 affirmat
645 3220 879 3298 προτρεπομένου
917 3213 972 3297 γὰρ
996 3213 1132 3297 μάγειροτ
1165 3213 1243 3292 αὐτῷ
1272 3216 1424 3296 πρίασθαι

260 3365 301 3376 -
324 3364 367 3374 -
392 3328 409 3405 ἢ
432 3322 522 3404 μήτηρ
547 3326 627 3404 φησί.
674 3324 741 3391 Sed
764 3341 806 3389 ne
829 3323 892 3388 hac
923 3321 1054 3404 quidem
1085 3319 1312 3388 emendatione
1341 3317 1424 3387 diffi-

258 3434 363 3502 cultas
397 3431 452 3501 vel
477 3432 587 3513 potius
617 3429 837 3514 discrepantia
874 3430 1017 3498 tollitur:
1052 3413 1127 3496 nam
1166 3425 1195 3494 si
1232 3426 1421 3494 Alexander

257 3547 396 3607 matrem
420 3539 610 3606 cohortatus
633 3545 730 3621 esset,
754 3542 791 3604 ut
814 3537 1035 3618 sibicoquum
1058 3534 1219 3616 mitteret,
1255 3551 1320 3601 non
1349 3538 1421 3599 erat

348 3751 369 3822 1)
386 3768 411 3820 p.
431 3751 474 3805 79.

348 3838 370 3905 ²)
389 3839 422 3890 τὰ
445 3833 652 3910 ἅργοδιιισοτιιιὰ
675 3835 726 3891 Me.
749 3835 782 3888 τὰ
811 3833 878 3907 eppe
903 3831 1041 3888 emanat
1058 3834 1117 3892 odd.
1142 3833 1174 3887 τὰ
1198 3833 1350 3906 ὀργιαστικὰ
1367 3833 1422 3889 Cae.

258 3929 292 3982 coi
309 3923 461 3999 Ἀργεοὸιιτὰ
479 3925 586 3996 conjicit
602 3923 705 3981 Kaihel.

347 4013 944 4087 ¹)d.Ohr.Woli.÷lduliernm·Oraecarum.
965 4012 1254 4084 ..homoeologia
1281 4009 1423 4079 Hambnrgi

259 4107 329 4164 1735
347 4121 373 4174 p.
392 4104 444 4160 150
465 4119 505 4172 sq.
530 4102 576 4156 ubi
594 4101 674 4156 etiem
687 4101 763 4156 alias
781 4099 944 4169 Olympiadis
972 4102 1099 4172 epistulae
1120 4103 1199 4156 hand
1221 4101 1322 4158 multae
1349 4099 1422 4156 oolla-

261 4196 319 4248 ctae
340 4194 529 4261 memorantur,
549 4207 617 4261 quae
634 4190 748 4244 Wolfius
766 4206 819 4244 non
838 4189 947 4259 dubitat,
967 4191 1031 4259 quin
1048 4205 1128 4245 verae
1146 4190 1206 4246 sint.
