3008 4614
771 104 835 174 128

219 299 279 364 illa
293 299 396 366 verba
409 302 457 360 και
470 299 522 380 tyb
536 303 563 362 ot
575 303 751 380 Παρμενίων
766 302 817 362 uri
825 300 850 386 ¹)
864 298 996 367 dixisse.
1032 299 1176 367 Tertiam
1188 301 1388 383 legationem

219 405 303 472 hanc
325 404 427 474 fuisse
454 405 596 474 dilucide
625 405 704 472 dieit
727 405 859 473 (turtius
883 407 940 489 IV,
964 407 1026 487 XI,
1058 405 1100 473 43
1132 407 1255 492 ‘Itaque
1278 429 1388 491 quom-

221 534 316 596 qcam
344 513 472 595 frastra
497 534 579 596 pace
610 514 657 580 bis
684 516 789 595 patra
823 517 859 580 ιἰι
886 514 1001 580 bellam
1036 515 1171 580 consilia
1194 519 1390 581 anomoei
1496 593 1497 600 ἵ

222 617 384 704 (Dareus),
408 619 509 684 oictccs
532 624 636 684 tamea
668 622 860 686 continentia
883 621 982 686 hostis
1013 621 1057 686 od
1079 641 1177 686 noras
1201 623 1294 702 pacc's
1317 642 1390 687 coro

223 726 361 792 dictores
389 726 541 808 scandas
567 726 604 790 X
633 725 761 809 legatos,
793 733 996 812 cognatorum
1025 727 1191 810 principes
1223 728 1330 792 misit)
1356 733 1392 793 et

221 829 341 898 ibidem
380 829 511 898 Curtius
544 830 646 897 Darei
679 831 825 914 legatum
859 831 941 898 facit
975 831 1135 898 dicentem
1156 831 1321 913 ‘Dareum
1356 839 1393 899 ot
1497 869 1498 876 .

217 959 332 1019 pacem
354 960 375 1004 a
397 944 427 1003 te
447 941 519 1022 jam
542 940 600 1004 hoc
630 941 720 1004 tertio
741 939 872 1020 porea?
918 939 1042 1005 Eadem
1071 943 1215 1006 testatur
1238 938 1391 1006 Justinus

221 1043 283 1122 XI,
309 1041 394 1127 12,9,
419 1042 474 1126 qni
500 1043 635 1109 tertium
662 1062 728 1110 non
742 1043 951 1128 legationem,
976 1044 1034 1110 sed
1058 1042 1230 1124 epistulam
1246 1046 1392 1111 Dareum
1498 1121 1499 1130 ,

221 1148 348 1217 misisse
370 1149 457 1216 didit.
505 1150 611 1234 Hujns
632 1150 807 1233 legationis
831 1156 865 1218 et
889 1169 1015 1236 eorum,
1047 1170 1130 1231 quae
1159 1157 1237 1217 tunc
1259 1151 1393 1218 Dareus
1498 1149 1499 1192 ἓ

223 1256 386 1338 pollititus
417 1263 500 1336 erat,
529 1257 726 1324 mentIonem
761 1255 886 1324 iaciunt
909 1257 1106 1324 Plutarchus
1128 1257 1210 1341 Reg.
1246 1262 1281 1325 et
1314 1255 1393 1341 imp.

223 1364 375 1444 apophtn.
400 1361 490 1427 180Β
514 1369 548 1430 et
570 1365 628 1430 vit.
648 1364 741 1430 Alex.
759 1364 887 1448 XXIX,
911 1365 1058 1431 Zonaras
1073 1364 1131 1446 IV,
1151 1361 1202 1449 10,
1226 1365 1394 1431 Diodorus

223 1466 333 1552 XVII,
372 1465 450 1550 543
482 1473 515 1537 et
549 1467 665 1552 fragm.
696 1469 773 1535 libri
795 1470 905 1552 XXX,
938 1468 1024 1555 aad,
1059 1470 1215 1537 Instimus
1249 1470 1311 1554 XI,
1338 1470 1393 1550 12,

223 1571 243 1640 9
260 1594 318 1656 sq,
344 1573 504 1641 Arrianus
520 1575 569 1658 Il,
587 1573 639 1658 25,
665 1575 804 1658 scriptor
819 1574 987 1642 Itinerarii
1001 1576 1181 1644 Alexandri
1202 1577 1320 1645 XLIII
1333 1595 1396 1660 sq.,

223 1682 279 1763 qui
301 1698 412 1748 omnes
435 1679 485 1746 his
501 1681 591 1748 hocis
606 1682 722 1748 eadem
738 1681 887 1750 breviter
901 1689 1129 1766 narraverunt,
1155 1699 1238 1763 quae
1261 1681 1398 1748 Curtius
1500 1703 1501 1722 ι

224 1787 281 1869 IV,
306 1787 368 1871 XI,
391 1787 435 1855 43
459 1808 505 1870 sq.
537 1789 695 1873 copiosius
725 1788 868 1872 exponit,
893 1795 928 1856 et
951 1809 991 1856 ea
1014 1790 1183 1856 occasione
1218 1791 1300 1854 data
1333 1787 1397 1854 illa

223 1893 450 1960 Parmenionis
476 1900 511 1960 et
532 1895 713 1963 Alexandri
735 1897 838 1964 verba
861 1895 1052 1978 attulerunt,
1077 1913 1162 1976 quae
1177 1900 1262 1962 teste
1278 1895 1398 1961 (turtio

225 2000 314 2066 dicta
337 2013 414 2067 sunt
436 2019 509 2067 cum
532 2001 660 2068 Dareus
683 2001 813 2069 tertiam
836 2001 1034 2084 legationem
1058 2001 1181 2069 misset.
1501 2077 1502 2088 ,

312 2108 419 2188 Atque
442 2113 479 2173 ut
502 2108 632 2172 credam
656 2126 751 2190 reges
767 2113 836 2173 tres
853 2109 924 2175 sive
947 2106 1106 2189 epistulas
1122 2109 1192 2175 sive
1209 2105 1400 2190 legationes

225 2211 311 2278 inter
338 2231 373 2279 se
403 2212 528 2279 misisse
551 2213 760 2296 Danaumque
784 2233 837 2286 ea,
869 2231 951 2295 qnae
974 2233 1032 2295 per
1061 2213 1207 2297 singulas
1231 2211 1399 2295 epistulas

143 2377 145 2381 .
225 2324 283 2385 aut
305 2317 488 2401 legationes
520 2318 685 2400 pollicItus
708 2325 769 2400 ast,
794 2337 842 2404 eo,
867 2338 930 2402 quo
955 2319 1039 2399 dixi,
1070 2325 1252 2402 temporum
1275 2317 1398 2385 ordine

225 2425 415 2492 Alexandro
439 2424 635 2507 promisisse,
661 2444 725 2492 non
747 2432 816 2493 tam
839 2425 958 2494 Iustini
981 2432 1040 2493 aut
1055 2425 1162 2492 Curtii
1185 2424 1398 2508 auctoritate,

227 2549 323 2612 quem
360 2532 422 2598 hac
456 2531 584 2598 ratione
619 2530 815 2618 adducortlz
854 2531 1017 2599 Diodorus
1047 2537 1081 2599 et
1115 2531 1186 2613 ipse
1218 2529 1399 2614 Arrianus,

316 2727 338 2795 ¹)
356 2726 498 2780 manum
517 2725 874 2794 (tastamentum
904 2724 1043 2794 legatione,
1060 2727 1091 2778 ut
1102 2724 1277 2780 Naamannus
1289 2724 1398 2794 (lleck.

223 2815 314 2872 Jahrb.
334 2814 473 2884 CXXVII,
494 2813 570 2884 1883,
589 2830 615 2883 p.
638 2815 702 2882 546)
722 2816 805 2886 putat,
832 2814 880 2868 sed
906 2815 940 2866 de
966 2812 1111 2868 Alexandri
1137 2829 1199 2868 oum
1216 2813 1398 2870 Parmenione

224 2903 351 2974 colloquio
374 2896 494 2971 λέγουσιν
516 2903 614 2957 dixisse
639 2904 763 2957 viderunt
788 2902 898 2956 Hansen
921 2899 1058 2972 (Philolog.
1079 2904 1201 2961 XXXIX
1229 2918 1253 2971 p.
1279 2903 1343 2970 278)
1366 2907 1399 2958 at

223 2993 362 3046 Xaerstius
382 2992 581 3061 (Porsohungen
598 3008 624 3060 p.
644 2992 731 3048 Vadn.
752 2992 789 3060 1.)

314 3081 336 3149 ²)
355 3081 441 3134 Aliter
458 3082 490 3136 de
508 3073 567 3148 hac(
575 3096 605 3134 re
623 3082 773 3134 statuerunt
796 3080 846 3133 viri
868 3080 945 3149 docti,
968 3095 1082 3150 quornm
1106 3080 1172 3134 alius
1196 3079 1272 3134 aliter
1295 3081 1395 3135 sentit:

227 3187 289 3224 nim
309 3170 394 3238 aaa,
413 3169 464 3238 (oe
482 3149 613 3224 enmono
631 3168 833 3223 processurus
850 3169 1075 3238 seminatore,
1094 3169 1157 3224 css.
1175 3169 1262 3238 inaug.
1281 3172 1397 3227 nonnae

228 3259 304 3328 1868,
324 3276 348 3328 p.
368 3258 415 3326 15)
434 3258 496 3312 dicit
514 3258 625 3327 primam
637 3258 715 3312 Darei
733 3257 891 3327 legationem
909 3257 1049 3311 aDiodoro
1061 3255 1185 3311 omissam
1205 3271 1272 3313 esse.
1300 3257 1394 3312 (irohn

225 3349 275 3418 (De
294 3348 368 3425 Trogi
393 3347 503 3416 Pompei
526 3348 596 3416 apud
621 3349 742 3417 antIquos
766 3346 928 3416 auctoritate,
953 3347 1015 3401 diss.
1043 3346 1130 3414 inaug.
1156 3347 1293 3414 Angenior.
1320 3346 1394 3403 1882

223 3453 250 3506 p.
270 3438 317 3505 st)
336 3435 399 3490 dicit
416 3435 496 3489 etiam
513 3434 656 3489 Diodorum
678 3436 782 3488 hedera
807 3435 924 3489 Dareum
946 3437 989 3488 ter
1009 3449 1102 3504 pacem
1126 3433 1158 3490 ab
1177 3433 1326 3489 Alexandro
1343 3451 1394 3504 ps-

223 3525 305 3579 tiisss.
341 3523 516 3578 Neumannus
535 3522 633 3594 (maen
650 3523 741 3578 Jahrb.
760 3522 899 3592 CXXVII,
920 3523 990 3578 1883
1008 3535 1034 3592 p.
1057 3522 1110 3578 545
1135 3523 1203 3593 sqq.)
1220 3523 1284 3577 citit
1300 3522 1394 3578 Ptole-

223 3629 328 3668 maeum
347 3611 579 3682 Aristobnlumque
597 3627 679 3666 unam
696 3611 852 3680 legationem
868 3627 1036 3681 memorasse,
1056 3611 1216 3666 Clitarohnm
1239 3613 1308 3681 apud
1326 3612 1393 3666 Dio-

224 3704 316 3757 dorum
343 3703 417 3770 duas,
445 3716 510 3771 quas
537 3717 598 3755 cum
625 3699 772 3758 Ptolemaei
799 3701 996 3772 ArIstobuliqne
1023 3703 1150 3754 momoria
1176 3717 1229 3755 non
1248 3701 1389 3772 quadrare;

226 3809 260 3845 ex
279 3808 318 3863 eo,
337 3791 406 3861 quod
418 3790 577 3860 Thersippus
590 3791 623 3844 ad
634 3790 750 3844 Dareum
763 3790 859 3844 missus
872 3791 915 3861 sit,
928 3793 1011 3845 ortam
1025 3805 1085 3844 esse
1096 3789 1208 3843 alteram
1216 3787 1390 3860 legationem

224 3881 330 3935 testitum
348 3880 505 3950 legationem
523 3878 726 3948 ascriptoribus
753 3879 905 3948 posterioris
922 3879 1016 3934 aetatis
1035 3894 1066 3934 eo
1084 3877 1192 3933 oonsilio
1215 3879 1302 3932 fictam
1320 3892 1389 3947 esse,

223 3973 254 4025 ut
272 3969 417 4025 Ptolemaei
429 3968 626 4038 Aristobufiquo
643 3969 770 4023 memoria
787 3984 847 4022 oum
866 3967 992 4023 clitarchi
1010 3967 1136 4022 memoria
1153 3982 1297 4036 congruere
1315 3965 1390 4019 vide-

223 4062 305 4115 retur.
328 4059 438 4113 Hersen
450 4057 586 4127 (Philolog.
598 4056 726 4112 XXXIX
743 4074 769 4127 p.
784 4057 834 4113 277
855 4059 882 4112 et
899 4073 925 4126 p.
943 4057 1008 4126 281)
1027 4058 1055 4110 et
1071 4055 1209 4110 KaerstIns
1227 4055 1387 4124 fflomobun-

223 4167 275 4218 gen
293 4166 317 4218 p.
346 4148 449 4218 Isqq.)
478 4148 618 4201 Arrianum
647 4151 794 4218 sequuntur
810 4147 968 4216 tardamque
985 4143 1143 4214 legationem
1160 4144 1388 4200 aDareomissam
