3008 4614
798 147 841 216 88

239 348 297 419 vit.
327 348 419 415 Alex.
451 347 531 414 LXI
562 349 612 408 καὶ
643 343 725 410 πόλιν
754 349 866 418 οἰκίσας
889 398 896 413 .
920 398 927 412 .
956 342 1162 426 Βοοκοφόλιαο
1192 344 1407 427 προσηγόρευσε

239 460 273 522 ot
294 453 372 521 ibid.
402 451 514 534 λέγεται
537 454 568 514 di
592 456 640 514 καὶ
663 450 733 515 κύνα
761 431 889 530 Περιῖιακ
913 447 1002 530 ὄνομα
1027 502 1033 516 .
1060 504 1067 518 .
1093 500 1100 517 .
1125 447 1279 532 ἀποβαλών
1306 453 1408 514 κτίσαι

238 559 320 624 πόλιν
347 557 501 643 ἐπώνυμον,
532 564 566 625 ei
593 560 668 626 Arr.
701 558 776 642 VII,
808 555 884 642 20,5
915 561 962 619 καὶ
993 555 1098 636 ταύτην
1129 555 1180 638 τὴν
1210 567 1299 638 κῆσοκ
1330 561 1408 640 λέγει

234 665 454 749 Ἀριστόβουλος
489 663 531 729 ὅτι
556 662 675 746 Ἴκαρον
709 668 837 728 ἐκέλευσε
868 667 1026 726 καλεῖσθαι
1062 663 1264 749 Ἀλέξανδρος,
1300 669 1409 733 verba

239 793 366 857 quoque
393 776 576 836 Σκιλλοῦστιν
598 771 745 852 ὠνόμασεν
768 772 978 839 Plutarchum
1005 770 1039 838 in
1069 771 1154 838 libro
1184 771 1329 839 auctoris
1354 771 1408 840 sui

238 881 358 965 legisse
381 880 415 947 in
439 886 589 964 promptu
613 886 673 949 est.

329 1041 485 1125 Quoniam
518 1047 553 1108 et
582 1040 740 1124 epistulas
764 1038 870 1122 attuli,
907 1057 990 1121 quae
1013 1040 1101 1123 apud
1124 1039 1339 1106 Plutarchum
1362 1042 1410 1106 le-

239 1152 369 1232 guntur,
394 1153 428 1213 et
444 1148 484 1214 de
500 1147 540 1214 iis
555 1146 634 1214 loeis
651 1146 825 1230 disputavi,
850 1144 905 1227 qui
927 1164 991 1212 nou
1014 1144 1169 1215 videntur
1193 1165 1232 1212 ex
1256 1147 1411 1230 epistulis

240 1255 424 1338 deprompti
447 1272 527 1338 esse,
561 1254 672 1338 paucis
696 1252 803 1320 dicam
827 1252 943 1334 quibus
966 1272 1007 1319 ex
1031 1253 1176 1320 lontibus
1201 1252 1364 1336 epistulae
1388 1275 1411 1320 a

238 1363 416 1429 Plutarcho
452 1367 485 1427 et
514 1360 655 1428 Arriano
690 1362 826 1428 haustae
857 1363 931 1427 sint.
978 1359 1147 1443 Epistulas
1178 1361 1334 1441 quasdem
1367 1381 1411 1429 ex

239 1468 390 1534 Charetis
405 1466 489 1534 libro
505 1486 526 1532 a
541 1467 719 1534 Plutarcho
736 1468 944 1551 depromptas
961 1485 1033 1534 esse
1049 1465 1180 1554 supral)
1205 1466 1279 1534 dixi.
1313 1468 1409 1548 Illas,

240 1592 325 1656 quae
355 1576 390 1640 in
418 1575 489 1640 vita
511 1572 693 1639 Alexandri
715 1572 829 1656 XXII,
858 1574 948 1658 XLI,
972 1571 1071 1641 XLII
1094 1573 1232 1655 aliisque
1255 1574 1336 1641 locis
1361 1576 1410 1642 le-

239 1686 369 1765 guntur,
407 1698 447 1746 ex
482 1677 632 1746 Gharetis
666 1679 751 1746 libro
785 1689 931 1764 sumptas
965 1699 1038 1747 esse
1074 1699 1270 1762 quamquam
1304 1681 1411 1749 certis

240 1786 440 1871 argumentis
472 1786 659 1854 confirmari
687 1788 810 1872 nequit,
843 1792 953 1854 temen
984 1807 1056 1856 cum
1087 1806 1197 1854 omnes
1220 1788 1263 1855 ad
1292 1806 1411 1854 narra·
1497 1863 1498 1872 ρ

239 1894 402 1962 tiunculas
419 1896 458 1962 de
478 1897 610 1977 private
627 1894 808 1961 Alexandri
830 1893 902 1964 vita
924 1895 1159 1979 adjungantur,
1185 1912 1269 1977 quae
1292 1913 1411 1962 narra·
1497 1905 1498 1944 i

239 2001 403 2068 tiuuculae
435 2021 456 2068 a
478 2003 655 2070 Plutarcho
687 2002 757 2069 sine
785 2000 883 2068 dubio
911 2020 951 2069 ex
975 2000 1125 2069 Charetis
1148 2001 1232 2069 libro
1256 2009 1413 2084 sumptae
1493 2072 1498 2083 ,

240 2115 326 2193 sunt,
350 2108 384 2175 in
408 2127 479 2192 quo,
504 2116 541 2175 ut
564 2128 664 2193 supra
687 2108 763 2192 dixi,
788 2107 920 2193 private
942 2108 977 2174 iu
999 2107 1111 2192 primis
1134 2108 1205 2177 vita
1223 2110 1413 2176 Alexandri

240 2216 371 2298 depicta
401 2227 484 2299 erat,
520 2213 689 2296 probabile
722 2223 770 2282 est
802 2233 857 2282 eas
888 2234 928 2283 ex
950 2215 1005 2281 illo
1031 2213 1120 2282 fonte
1144 2213 1292 2283 duxisse:
1327 2234 1411 2282 nam

240 2319 361 2389 Chares
396 2323 511 2390 eadem
546 2320 684 2404 ratione,
721 2339 785 2403 qua
807 2322 1015 2402 Plutarchus,
1055 2341 1133 2391 usus
1168 2321 1325 2406 epistulas
1364 2325 1411 2390 ad

239 2448 343 2498 mores
372 2417 555 2496 Alexandri
586 2433 685 2508 atque
718 2428 983 2496 consuetudinem
1015 2429 1256 2513 exprimendam
1289 2448 1410 2497 narra-

239 2535 322 2604 tioni
354 2535 532 2604 inseruisse
555 2535 699 2603 videtur:
734 2535 824 2605 velut
847 2553 919 2601 cum
951 2537 990 2602 de
1013 2536 1193 2604 Alexandri
1225 2536 1410 2621 largitione

239 2652 400 2724 narraret,
430 2649 464 2711 et
487 2644 569 2710 alias
592 2641 733 2711 fortasse
757 2649 791 2709 et
815 2642 987 2726 epistulam
1011 2644 1053 2709 ad
1075 2644 1269 2712 Phocionem
1292 2646 1410 2712 datam

241 2770 311 2818 eum
347 2750 498 2817 attulisse
534 2749 605 2817 veri
640 2749 745 2817 simile
778 2757 837 2818 est.
890 2753 1001 2831 Atque
1032 2770 1105 2818 cum
1136 2753 1176 2818 de
1202 2752 1410 2822 abstinentie

241 2859 312 2942 eJus
342 2862 530 2941 exponeret,
560 2855 659 2924 facile
691 2856 883 2924 informabis
913 2856 987 2924 illes
1016 2875 1089 2924 eum
1113 2859 1268 2941 epistulas
1291 2878 1407 2928 narra-

240 2963 322 3030 tioni
355 2963 598 3046 interposuisse,
635 2981 719 3045 quae
748 2965 836 3045 apud
859 2964 1071 3030 Plutarchum
1104 2962 1162 3032 vit.
1186 2964 1279 3033 Alex.
1303 2967 1407 3034 XXII

239 3072 410 3154 leguntur3
441 3072 643 3154 eundemque
670 3071 704 3137 in
735 3070 929 3155 explicando
954 3090 1015 3152 quo
1040 3073 1134 3140 modo
1158 3071 1347 3139 Alexander
1372 3092 1408 3140 se

240 3179 274 3245 in
297 3178 426 3245 sodales
450 3188 589 3262 gereret,
613 3177 688 3245 illas
711 3177 870 3262 epistulas
892 3178 1076 3263 protulisse,
1102 3197 1183 3260 ques
1206 3179 1407 3246 Plutarchus

240 3285 360 3352 ibidem
383 3285 465 3352 XLI
487 3291 654 3352 memorat.
701 3284 854 3369 Epistula
878 3289 998 3369 autem,
1035 3304 1119 3367 quae
1142 3293 1194 3352 est
1217 3285 1341 3368 scripta
1365 3287 1407 3352 de

240 3410 350 3476 pugna
366 3395 481 3458 contra
495 3392 616 3458 Porum
640 3390 739 3475 facta,
762 3392 850 3458 unde
873 3393 1065 3474 deprompta
1089 3390 1132 3458 sit
1154 3410 1270 3474 parum
1292 3393 1405 3473 liquet.

240 3499 307 3566 Sed
322 3501 350 3566 si
366 3497 437 3580 quis
454 3497 609 3582 conjiciet
629 3517 702 3565 eam
726 3516 766 3564 ex
783 3498 932 3566 Charetis
955 3499 1037 3565 libro
1060 3499 1210 3566 haustam
1235 3518 1317 3580 esse,
1341 3519 1405 3567 non

240 3624 428 3690 repugnem.
475 3606 649 3673 Charetem
678 3605 773 3685 enim,
808 3625 999 3687 quamquam
1030 3606 1194 3689 privatam
1223 3607 1406 3673 Alexandri

240 3713 343 3784 vitam
358 3712 518 3796 exposuit,
543 3731 684 3796 pugnam
701 3722 817 3780 contra
831 3715 952 3781 Porum
968 3713 1101 3793 facum,
1127 3733 1210 3794 quae
1228 3723 1261 3779 et
1276 3713 1404 3794 generis

240 3821 317 3888 novi
347 3818 410 3885 fuit
433 3826 467 3885 et
489 3820 610 3887 multas
634 3818 875 3888 vicissitudines
898 3821 1020 3902 habuit,
1055 3840 1120 3887 nou
1143 3819 1403 3902 praetermisisse

239 3924 407 4010 probabile
420 3933 482 4010 est,
507 3947 579 3995 oum
592 3945 634 3994 ne
649 3945 790 4010 pugnam
807 3926 937 4010 quidem
954 3927 996 3994 ad
1009 3928 1114 3995 Issum
1131 3927 1253 3994 lactem
1271 3943 1402 4011 prorsus

330 4209 352 4276 ¹)
371 4225 396 4278 p.
416 4209 464 4278 34,
485 4225 508 4280 p.
522 4208 571 4280 423
590 4224 615 4276 p.
635 4210 669 4266 51
688 4224 727 4277 sq.
