3008 4614
795 113 859 182 122

401 307 535 392 finibus,
569 293 674 376 socius
704 313 892 394 amicusque
919 317 1015 379 osset.
1068 313 1108 379 In
1131 331 1170 380 ea
1195 333 1230 381 se
1252 313 1346 381 fidem
1370 321 1405 381 et

401 415 480 481 dare
503 421 655 498 paratum
679 424 713 484 ot
736 416 893 500 accipere.
969 499 971 502 ¹

244 518 367 587 Contra
388 520 577 590 Alexander
599 523 634 590 in
656 527 741 592 hunc
764 525 902 592 maxime
919 527 1046 592 modum
1062 526 1246 610 rescripsit:

401 629 473 695 Rex
501 631 690 698 Alexander
720 633 838 698 Dareo.
849 631 873 718 ¹)
935 633 1033 718 Cujus
1072 652 1189 700 nomen
1228 634 1405 718 sumpsisti,

401 736 529 803 Dareus
553 737 706 822 Graecos,
731 737 786 820 qui
801 758 890 805 oram
907 739 1115 823 Hellesponti
1136 745 1261 826 teuent,
1286 740 1405 807 coloni-

401 860 503 923 asque
533 844 733 912 Graecorum
765 845 883 915 Jouias
913 849 998 913 omni
1031 847 1123 914 clade
1153 849 1309 925 vastavit,
1333 866 1406 912 oum

401 967 519 1032 magno
531 950 649 1018 deinde
661 951 805 1018 exercitu
822 971 910 1018 mare
926 953 1059 1038 trajecit
1074 955 1176 1020 inlato
1192 953 1406 1021 Macedoniae

402 1061 435 1122 et
470 1055 630 1125 Graeciae
663 1057 759 1126 ballo.
814 1060 940 1126 Rursus
971 1059 1102 1126 Xerxes
1131 1059 1238 1142 gentis
1261 1060 1405 1145 ejusdem

402 1163 444 1227 ad
484 1165 719 1246 oppugnandos
757 1183 817 1232 nos
856 1183 928 1231 cum
966 1165 1154 1232 immanium
1191 1167 1407 1233 barbarorum

402 1269 504 1354 copiis
533 1269 641 1338 venit:
677 1271 732 1351 qui
762 1271 875 1338 navali
905 1271 1026 1355 proelio
1059 1273 1169 1341 victus
1204 1271 1407 1340 Mardonium

402 1380 511 1441 tamen
541 1375 673 1459 reliquit
702 1377 737 1443 in
768 1377 926 1452 Graecia,
956 1384 993 1444 ut
1015 1380 1134 1446 absens
1157 1397 1284 1461 quoque
1308 1397 1409 1461 popu-

401 1480 648 1566 laretur-urbes,
665 1501 764 1565 agros
776 1488 897 1550 ureret.
926 1482 1115 1566 Philippum
1131 1502 1222 1564 vero,
1239 1490 1408 1566 parentem

401 1606 517 1660 meum,
552 1589 624 1670 quis
652 1591 785 1672 ignorat
815 1591 858 1655 ab
892 1589 934 1656 iis
966 1589 1177 1657 interfectum
1213 1609 1294 1674 esse,
1327 1609 1409 1672 quos

402 1695 546 1778 ingentis
580 1695 737 1778 pecuniae
770 1715 826 1778 spe
858 1694 1119 1766 sollicitaverant
1141 1697 1267 1767 vestri?
1311 1695 1411 1780 Inpia

403 1805 487 1869 euim
510 1803 597 1870 bella
621 1803 788 1887 suscipitis
811 1807 855 1887 et,
880 1823 952 1870 cum
967 1803 1118 1870 habeatis
1141 1822 1241 1886 arma,
1264 1803 1409 1871 licemini

367 1981 373 1991 ,
402 1909 542 1976 hostium
566 1909 692 1993 capita:
716 1909 803 1976 sicut
825 1913 859 1974 tu
883 1909 1028 1992 proxime
1044 1909 1177 1976 talentis
1200 1909 1298 1991 mille,
1322 1910 1410 1976 tanti

404 2017 567 2083 exercitus
601 2036 669 2100 rex,
706 2033 929 2098 percussorem
967 2017 1001 2082 in
1039 2035 1090 2082 me
1125 2033 1233 2082 emere
1266 2016 1410 2085 voluisti.

402 2123 539 2205 Repello
562 2122 664 2206 igitur
686 2121 816 2204 bellum,
842 2141 906 2188 uou
929 2121 1042 2190 infero.
1088 2122 1133 2188 Et
1150 2122 1183 2189 di
1206 2141 1333 2204 quoque
1351 2141 1410 2206 pro

402 2229 536 2296 meliore
560 2235 650 2295 stant
672 2247 787 2296 causa:
833 2249 986 2310 magnam
1009 2235 1137 2310 partem
1155 2230 1254 2296 Asiae
1275 2228 1309 2294 in
1330 2228 1412 2294 dici·

403 2355 495 2403 onem
517 2335 632 2418 redegi
653 2354 768 2416 meam,
792 2340 826 2402 te
848 2336 952 2418 ipsum
985 2334 1056 2402 acie
1088 2334 1161 2403 vici.
1210 2334 1314 2417 Quem
1346 2334 1411 2401 etsi

402 2443 485 2509 nihil
515 2462 535 2509 a
565 2461 617 2510 me
649 2441 826 2526 impetrare
849 2444 1029 2525 oportebat,
1053 2447 1166 2523 utpote
1189 2441 1244 2524 qui
1267 2459 1308 2509 ne
1329 2441 1413 2508 belli

403 2550 533 2631 quidem
569 2549 603 2615 in
638 2569 689 2615 me
721 2549 796 2634 jura
832 2548 1030 2629 servaveris,
1064 2555 1184 2632 tamen,
1221 2551 1249 2615 si
1278 2547 1414 2617 veneris

402 2658 546 2739 supplex,
570 2664 605 2722 et
627 2662 764 2722 matrem
789 2660 822 2722 at
838 2656 1008 2739 conjugem
1026 2661 1060 2722 ot
1077 2654 1199 2723 liberos
1214 2654 1285 2721 sine
1301 2653 1411 2736 pretio

402 2769 607 2846 recepturum
637 2781 711 2829 esse
740 2764 901 2844 promitto.
952 2763 998 2828 Et
1025 2761 1156 2832 vincere
1180 2766 1214 2828 et
1237 2763 1412 2828 consulere

400 2871 499 2936 victis
522 2869 598 2936 scio.
645 2869 792 2954 Quodsi
808 2878 842 2934 te
859 2869 1064 2936 committere
1077 2868 1169 2936 nobis
1187 2868 1293 2947 times,
1315 2867 1408 2933 dabi-

401 2995 472 3044 mus
498 2975 593 3042 fidem
627 2975 747 3059 inpune
780 2980 961 3043 venturum.
1015 2975 1208 3057 Decedam,
1234 2992 1306 3039 cum
1329 2971 1410 3038 mihi

276 3117 277 3120 ¹
402 3083 541 3163 scribes,
571 3089 732 3148 memento
765 3099 828 3147 non
860 3081 960 3148 solum
983 3080 1056 3165 regi
1078 3086 1121 3164 te,
1147 3082 1204 3147 sed
1229 3081 1327 3146 etiam
1350 3087 1408 3147 tuo

401 3189 551 3256 scribere.

242 3295 295 3362 Ad
317 3297 402 3362 hauc
426 3294 597 3380 epistulam
622 3292 849 3376 perferendam
869 3293 1069 3378 Thersippus
1093 3299 1144 3361 est
1163 3293 1290 3364 missus.
1336 3291 1409 3376 Qua

242 3402 320 3469 data
349 3403 538 3469 Alexander
562 3402 604 3467 ad
626 3401 811 3467 Phoenicen
835 3400 1007 3468 descendit
1030 3406 1064 3466 et
1085 3401 1225 3484 Byblum
1248 3398 1407 3466 traditam

241 3506 375 3591 recepit.
422 3509 503 3574 lude
526 3506 649 3574 Sidona
676 3509 768 3576 venit
792 3507 887 3593 (Cart
909 3506 968 3592 IV,
991 3506 1065 3594 1,3).
1111 3507 1188 3574 Jam
1215 3512 1286 3572 tota
1309 3507 1406 3590 Syria

242 3619 276 3679 et
289 3614 454 3681 Phoenice
470 3620 603 3696 praeter
616 3615 739 3696 Tyrum
762 3615 873 3680 urbem
889 3620 1009 3696 pacata
1025 3613 1095 3700 (IV,
1120 3613 1201 3700 11‚7)
1214 3613 1407 3680 Alexander

241 3720 356 3787 statuit
370 3723 491 3804 'Pyrum
508 3717 668 3786 obsidere.
714 3718 845 3785 Interea
868 3736 941 3784 cum
967 3721 1119 3800 expedita
1134 3737 1232 3786 manu
1248 3718 1405 3786 Arabiam

241 3827 334 3908 petit.
379 3828 461 3894 Inde
491 3842 647 3894 reversus
669 3825 835 3907 remansit,
864 3826 967 3891 donee
993 3825 1100 3908 Tyrus
1127 3825 1265 3908 septimo
1292 3843 1404 3892 mense

240 3941 413 4014 postquam
436 3931 620 4017 oppugnari
648 3938 765 4015 coepta
780 3939 863 4017 erat,
888 3939 984 4014 capta
1007 3938 1069 3998 est.
1114 3933 1239 4000 Eodem
1260 3940 1405 4013 tempore

333 4162 355 4230 l)
374 4161 438 4218 Alii:
458 4162 543 4216 Dareo
561 4161 587 4218 S.
