3008 4614
642 130 682 198 81

26 317 27 338 ¹
85 305 167 394 tetur
196 347 232 394 se
261 331 400 395 naturae
436 345 515 394 suae
550 329 712 394 humanae
747 346 819 396 esse
856 345 1039 402 memorem,
1085 329 1242 398 Aehanus
1322 315 1327 324 ’

85 433 133 520 (V.
157 435 200 500 H.
225 433 287 501 IX.
313 433 366 518 37)
390 435 632 514 Anaxarchum,
665 453 737 501 cum
761 434 1032 502 medicamentum
1056 436 1242 503 Alexandro

26 539 27 600 Ξ
85 549 213 624 aegroto
237 557 419 625 pararetur,
445 542 568 608 dixisse
591 541 710 609 tradit:
734 553 785 604 ιοο
807 546 903 621 μέντοι
926 550 1000 605 θεοῦ
1023 547 1099 622 ἡμῶν
1127 547 1156 604 ιι
1178 564 1243 621 ιρι-

26 1261 29 1444 l

84 651 475 730 caecilianistarum,
509 667 592 731 quae
616 648 644 715 si
674 667 754 718 vera
783 653 868 728 suut,
877 647 902 736 1)
932 649 1150 717 Anaxarchus
1179 667 1243 716 uon

85 755 225 839 dixisset,
250 755 278 821 si
301 755 491 823 Alexander
524 774 589 821 nou
620 756 800 841 jocaretur,
836 774 908 822 cum
944 757 985 822 ab
1021 755 1243 824 adulatoribus

86 863 158 928 deus
181 862 416 945 appellaretur,
448 861 481 928 id
506 863 591 942 quod
620 861 718 929 etiam
752 861 921 948 aliorumb
951 862 1146 930 testimoniis
1170 883 1243 930 con·

92 949 237 1054 sumatur.
284 969 356 1035 Huc
378 967 554 1035 referenda
578 972 628 1036 est
646 967 828 1036 Alexandri
850 967 908 1035 illa
932 968 1050 1052 opinio,
1077 988 1140 1052 qua
1163 969 1243 1051 opti·

85 1093 147 1146 mos
170 1076 260 1142 viros
283 1094 304 1141 a
328 1074 399 1142 deis
426 1074 542 1142 ascisci
569 1076 723 1159 putabat,
748 1077 788 1142 de
813 1093 878 1157 qua
896 1074 1126 1162 Plutarchusp
1147 1075 1242 1142 dicit:

86 1178 123 1241 ici
158 1184 188 1242 di
226 1183 336 1260 μᾶλλον
378 1179 464 1254 αὐτὸς
506 1180 715 1270 (Ἀλέξανδρος)
758 1185 824 1261 περὶ
863 1182 970 1245 roduam
1009 1180 1244 1263 φιλοσοφώτερον

86 1285 277 1360 δοξάζειιικιιὶ
299 1291 403 1370 λέγειν,
435 1293 472 1362 ὡς
494 1285 609 1351 recinam
631 1289 683 1367 μὲι
706 1285 774 1351 ὄντα
795 1286 901 1358 ,κοινὸν
933 1287 1096 1369 ἀνθρώπων
1128 1293 1241 1368 πατέρα

85 1392 128 1455 air
149 1387 244 1476 dedo,
262 1398 349 1466 ἰδίους
371 1395 402 1456 ai
436 1395 603 1474 ποιούμενον
641 1399 744 1458 ἑαυτοῦ
776 1393 842 1467 τοὺς
865 1396 1008 1477 ἀρίστους.
1055 1395 1244 1462 Alexander

85 1501 178 1583 igitur
213 1502 301 1567 haud
334 1501 511 1586 ignorabat
546 1503 693 1569 homines
727 1521 792 1569 nou
825 1509 916 1584 natu,
956 1503 1014 1569 sed
1048 1501 1171 1570 virtute
1208 1502 1243 1570 in

86 1608 211 1673 deorum
239 1624 409 1673 numerum
441 1605 570 1688 referri,
606 1605 705 1688 quare
739 1625 802 1674 uon
827 1613 901 1674 erat
932 1626 989 1674 cur
1021 1627 1057 1674 se
1091 1607 1242 1692 Philippo

86 1715 226 1795 genitum
256 1730 327 1780 esse
359 1717 511 1796 negaret,
544 1717 601 1779 aut
629 1711 760 1781 divinos
794 1714 933 1779 honores
964 1713 1027 1780 sibi
1059 1719 1241 1798 arrogaret,

86 1838 158 1899 quos
173 1819 244 1902 ipse
260 1818 339 1886 dicit
358 1820 449 1886 nulla
472 1838 508 1886 re
531 1819 645 1902 parari
667 1837 772 1903 posse,
795 1817 859 1885 uisi
875 1818 1013 1901 virtute3
1034 1807 1073 1888 ¹ct
1094 1821 1241 1904 profecto

85 1925 183 1994 uirtus
206 1945 280 1993 eum
304 1928 346 1993 ad
370 1927 489 1994 Jovem
512 1925 671 2010 adjunxit,
695 1944 760 1992 nou
784 1926 991 2014 Hammon.⁴)

165 2033 353 2100 Alexander
375 2032 476 2116 igitur
500 2051 534 2098 sc
557 2031 719 2098 hominem
752 2050 824 2100 esse
854 2033 1076 2117 profitebatur.
1121 2033 1242 2118 Philip-

85 2157 154 2220 pum
176 2145 284 2205 autem
308 2141 349 2206 ab
380 2158 418 2205 ec
455 2139 582 2222 saepius
618 2143 745 2222 patrem
775 2140 973 2223 appellatum
1008 2159 1079 2208 esse
1113 2140 1242 2207 demon-

86 2249 186 2310 strant
217 2246 379 2313 orationes
408 2245 477 2330 ejus
502 2249 536 2312 et
560 2245 719 2328 epistulae
743 2251 841 2327 atque
865 2246 966 2314 etiam
989 2267 1040 2315 res
1064 2247 1173 2331 ipsae;
1208 2249 1243 2315 in

87 2353 226 2419 oratione
250 2354 337 2434 apud
360 2353 536 2419 Arrianum
557 2352 633 2435 VII,
663 2350 716 2436 9,2
739 2352 820 2420 dicit
841 2353 1029 2420 Alexander
1054 2352 1115 2417 ιὲιιὸ
1140 2356 1242 2417 Φιλίπ-

87 2474 137 2519 ιιοο
156 2467 206 2520 τοῦ
230 2453 342 2538 πατρὸς
362 2499 405 2510 -
420 2495 465 2508 —
480 2497 524 2506 -
539 2495 583 2508 —
598 2468 652 2520 τοῦ
674 2454 759 2540 λόγου
782 2455 917 2540 ἄρξομαι,
941 2476 974 2528 ei
996 2461 1116 2528 ibidem
1139 2467 1170 2523 dn
1192 2471 1245 2524 τοῦ

167 2779 186 2848 1)
206 2778 273 2833 Cum
291 2777 336 2832 alii
354 2779 493 2848 scriptores
512 2781 645 2834 testentur
663 2779 843 2834 Alexandrum
861 2779 894 2834 ab
912 2779 1067 2834 Anaxarcho
1086 2780 1165 2833 deum
1184 2795 1242 2834 esse

88 2866 242 2936 appellatum,
261 2884 348 2938 neque
367 2868 432 2922 haec
449 2868 530 2923 verba
548 2885 634 2938 nequo
653 2869 734 2923 verba
751 2867 822 2921 τοῦτὶ
839 2868 890 2936 μὲν
909 2863 977 2936 οἶμοι
995 2866 1059 2937 uvi„
1077 2872 1108 2922 ut
1125 2869 1162 2923 ait
1179 2869 1241 2924 Dio-

88 2971 158 3022 genes
175 2957 297 3010 Laertius
316 2959 364 3026 IX,
386 2959 426 3026 10,
447 2959 463 3011 3
482 2958 514 3012 ab
532 2958 689 3012 Anaxarcho
709 2957 778 3011 diota
797 2973 855 3012 asse
874 2959 958 3013 credo.

167 3045 186 3115 ²)
205 3045 246 3100 Cf.
273 3045 397 3114 Satyrum
424 3047 493 3116 apud
518 3047 684 3101 Athenaeum
711 3047 757 3117 VI,
781 3046 898 3115 57,25οῐ
920 3062 959 3116 sq,
987 3051 1054 3115 quac
1082 3047 1161 3102 etiam
1179 3047 1242 3101 Plu-

89 3134 183 3188 tarchus
200 3135 247 3188 vit.
267 3135 343 3189 Alex.
363 3137 488 3194 XXVIII
514 3136 599 3190 tradit.
629 3136 664 3190 cf.
688 3135 768 3190 etiam
786 3135 964 3204 Phylarchum
991 3137 1061 3205 apud
1079 3137 1175 3192 Athen.
1195 3137 1241 3206 VI,

90 3221 203 3293 58,2510,
230 3240 265 3276 ex
295 3224 391 3293 quibus
422 3227 496 3292 patet
520 3224 701 3279 Alexandrum
730 3241 784 3279 non
812 3241 870 3279 asse
902 3224 1012 3280 oblitum
1043 3228 1152 3281 naturae
1177 3242 1241 3281 suae

89 3309 213 3367 humanae.
243 3314 276 3368 ci.
296 3312 366 3367 Plut.
385 3313 431 3388 ¹rit.
444 3313 521 3367 Alex.
541 3317 625 3372 XXII
640 3316 666 3369 et
682 3314 815 3380 Quomodo
834 3314 903 3369 adul.
922 3315 955 3369 ab
974 3315 1056 3370 amico
1074 3315 1169 3371 intem.
1183 3315 1242 3370 651l

90 3401 112 3452 ct
127 3399 228 3465 Quaest
248 3401 351 3456 couviv.
371 3402 445 3471 VIII,
465 3402 552 3457 7172.

166 3489 188 3559 ³)
206 3489 275 3544 Plut.
295 3489 340 3546 vit.
359 3489 437 3544 Alex.
457 3491 576 3561 XXVII;
603 3491 667 3560 ch.
696 3494 722 3545 ei
740 3491 802 3562 imp.
822 3492 944 3562 apophth.
964 3493 1051 3550 1801).
1088 3491 1161 3546 Haec
1179 3491 1242 3546 Plu-

90 3577 195 3631 tarchum
213 3579 282 3647 apud
300 3581 432 3632 auctorem
451 3595 529 3633 suum
547 3580 643 3649 legisse
661 3582 828 3650 perspicuum
856 3583 950 3636 estex
972 3582 1018 3637 vit.
1038 3580 1113 3635 Alex.
1133 3584 1242 3639 XXVH

91 3665 159 3719 verbo
176 3665 284 3737 ἄγεται,
304 3683 338 3722 ex
356 3683 407 3737 quo
425 3668 548 3723 infinitivi
567 3666 750 3730 ἀποδέξασθαι
768 3673 795 3724 et
813 3667 933 3732 δοξάζειν
950 3675 995 3722 καὶ
1013 3667 1098 3738 λέγειν
1115 3671 1239 3738 pendent.

92 3751 153 3817 duae
179 3773 239 3809 cum
266 3757 303 3810 ita
330 3757 390 3826 sint,
418 3773 472 3811 non
490 3758 567 3811 video
595 3774 642 3811 cur
659 3758 781 3813 Beurlier
806 3760 856 3828 (De
884 3759 979 3813 divinis
1005 3756 1148 3812 honoribus
1175 3774 1241 3827 quos

91 3847 234 3912 accepenmt
258 3845 410 3899 Alexander
437 3847 464 3898 et
491 3861 657 3900 successores
685 3847 743 3914 ejus
769 3847 876 3901 Parisiis
904 3845 974 3901 1890
992 3863 1016 3916 p.
1036 3848 1081 3915 11)
1100 3846 1240 3900 arbitratus

91 3930 119 3984 sit
133 3933 196 3988 hanc
214 3934 374 3988 sententiam
391 3933 527 3988 Plutarchi
546 3935 632 4003 potius
651 3951 730 4004 quam
749 3934 892 3989 Alexandri
911 3949 978 3990 esse.

167 4023 189 4090 ⁴)
208 4023 343 4076 Himerius
366 4023 483 4092 sophista
505 4025 575 4093 apud
592 4023 717 4078 Photium
735 4025 868 4094 (Biblioth.
891 4025 946 4078 cod.
967 4025 1113 4092 OOXLIII,
1132 4023 1182 4080 vol
1201 4024 1240 4078 lV

92 4123 112 4174 p.
128 4111 190 4168 1357
211 4111 251 4166 ed.
266 4111 365 4180 MIgne)
385 4112 455 4166 haud
473 4113 563 4181 inepte
576 4111 675 4167 dixisse
688 4114 804 4170 ridetur:
823 4115 838 4165 d
855 4113 902 4165 τοῦ
915 4112 974 4168 Διὸς
990 4113 1053 4168 παῖς
1064 4109 1239 4183 Ἀλέξανδρος·

94 4197 199 4252 σινόιιιιοι
221 4200 272 4270 γὰρ
289 4199 367 4253 αὐτὸν
384 4199 486 4271 οὐρανῷ
502 4205 546 4253 καὶ
565 4203 607 4252 Aa
625 4200 654 4252 τὸ
675 4199 742 4252 πολὺ
760 4199 836 4255 κλέος
855 4199 920 4252 καθ’
933 4193 1069 4266 Ἕλληνας.

1027 4292 1045 4347 6
