<?xml version="1.0" encoding="UTF-8"?>
<!DOCTYPE html PUBLIC "-//W3C//DTD XHTML 1.0 Transitional//EN"
    "http://www.w3.org/TR/xhtml1/DTD/xhtml1-transitional.dtd">
<html xmlns="http://www.w3.org/1999/xhtml" xml:lang="en" lang="en">
 <head>
  <title>
</title>
<meta http-equiv="Content-Type" content="text/html;charset=utf-8" />
  <meta name='ocr-system' content='tesseract 3.04.00' />
  <meta name='ocr-capabilities' content='ocr_page ocr_carea ocr_par ocr_line ocrx_word'/>
</head>
<body>
  <div class='ocr_page' id='page_1' title='image "./dealexandriolym00zumegoog_0129.png"; bbox 0 0 3008 4614; ppageno 0'>
   <div class='ocr_carea' id='block_1_1' title="bbox 813 120 877 188">
    <p class='ocr_par' dir='ltr' id='par_1_1' title="bbox 813 120 877 188">
     <span class='ocr_line' id='line_1_1' title="bbox 813 120 877 188; baseline 0.031 -2"><span class='ocrx_word' id='word_1_1' title='bbox 813 120 877 188; x_wconf 89' lang='lat'><strong><em>118</em></strong></span> 
     </span>
    </p>
   </div>
   <div class='ocr_carea' id='block_1_2' title="bbox 261 313 1426 613">
    <p class='ocr_par' dir='ltr' id='par_1_2' title="bbox 261 313 1426 613">
     <span class='ocr_line' id='line_1_2' title="bbox 262 313 1425 406; baseline -0.003 -21"><span class='ocrx_word' id='word_1_2' title='bbox 262 317 304 385; x_wconf 88' lang='lat' dir='ltr'><strong>de</strong></span> <span class='ocrx_word' id='word_1_3' title='bbox 325 335 362 384; x_wconf 93' lang='lat' dir='ltr'><strong><em>re</em></strong></span> <span class='ocrx_word' id='word_1_4' title='bbox 386 318 515 385; x_wconf 84' lang='lat' dir='ltr'><strong>Dareus</strong></span> <span class='ocrx_word' id='word_1_5' title='bbox 539 317 659 385; x_wconf 78' lang='lat' dir='ltr'><strong>certior</strong></span> <span class='ocrx_word' id='word_1_6' title='bbox 681 316 788 386; x_wconf 86' lang='lat' dir='ltr'><strong>faetus</strong></span> <span class='ocrx_word' id='word_1_7' title='bbox 811 318 957 403; x_wconf 86' lang='lat' dir='ltr'><strong>(Diodor.</strong></span> <span class='ocrx_word' id='word_1_8' title='bbox 981 317 1091 398; x_wconf 86' lang='lat' dir='ltr'>XVII,</span> <span class='ocrx_word' id='word_1_9' title='bbox 1109 313 1184 402; x_wconf 66' lang='lat' dir='ltr'><strong><em>eat</em></strong></span> <span class='ocrx_word' id='word_1_10' title='bbox 1201 317 1287 406; x_wconf 85' lang='lat' dir='ltr'>sqq.)</span> <span class='ocrx_word' id='word_1_11' title='bbox 1319 319 1425 402; x_wconf 89' lang='lat' dir='ltr'><strong>Baby-</strong></span> 
     </span>
     <span class='ocr_line' id='line_1_3' title="bbox 261 422 1426 508; baseline 0 -18"><span class='ocrx_word' id='word_1_12' title='bbox 261 425 337 491; x_wconf 88' lang='lat' dir='ltr'><strong>lone</strong></span> <span class='ocrx_word' id='word_1_13' title='bbox 363 422 530 506; x_wconf 81' lang='lat' dir='ltr'><strong>profectus</strong></span> <span class='ocrx_word' id='word_1_14' title='bbox 558 425 602 490; x_wconf 85' lang='lat' dir='ltr'><strong><em>ad</em></strong></span> <span class='ocrx_word' id='word_1_15' title='bbox 629 425 747 491; x_wconf 88' lang='lat' dir='ltr'><strong>Ninum</strong></span> <span class='ocrx_word' id='word_1_16' title='bbox 776 423 954 503; x_wconf 72' lang='lat' dir='ltr'><strong>contendit,</strong></span> <span class='ocrx_word' id='word_1_17' title='bbox 984 425 1041 492; x_wconf 90' lang='lat' dir='ltr'><strong><em>sed</em></strong></span> <span class='ocrx_word' id='word_1_18' title='bbox 1069 442 1140 491; x_wconf 87' lang='lat' dir='ltr'><strong>eum</strong></span> <span class='ocrx_word' id='word_1_19' title='bbox 1165 425 1288 491; x_wconf 81' lang='lat' dir='ltr'><strong>Arbela</strong></span> <span class='ocrx_word' id='word_1_20' title='bbox 1311 444 1426 508; x_wconf 84' lang='lat' dir='ltr'><strong>perve-</strong></span> 
     </span>
     <span class='ocr_line' id='line_1_4' title="bbox 263 528 1426 613; baseline -0.003 -16"><span class='ocrx_word' id='word_1_21' title='bbox 263 529 376 610; x_wconf 84' lang='lat' dir='ltr'><strong>nisset,</strong></span> <span class='ocrx_word' id='word_1_22' title='bbox 402 533 514 596; x_wconf 88' lang='lat' dir='ltr'><strong>oastra</strong></span> <span class='ocrx_word' id='word_1_23' title='bbox 536 529 584 595; x_wconf 91' lang='lat' dir='ltr'><strong><em>ibi</em></strong></span> <span class='ocrx_word' id='word_1_24' title='bbox 605 528 723 613; x_wconf 85' lang='lat' dir='ltr'><strong>posuit,</strong></span> <span class='ocrx_word' id='word_1_25' title='bbox 749 535 783 596; x_wconf 86' lang='lat' dir='ltr'><strong>et</strong></span> <span class='ocrx_word' id='word_1_26' title='bbox 806 530 850 595; x_wconf 90' lang='lat' dir='ltr'><strong><em>ad</em></strong></span> <span class='ocrx_word' id='word_1_27' title='bbox 873 529 1107 609; x_wconf 86' lang='lat' dir='ltr'><strong>Alexandrum,</strong></span> <span class='ocrx_word' id='word_1_28' title='bbox 1133 529 1187 612; x_wconf 89' lang='lat' dir='ltr'><strong><em>qui</em></strong></span> <span class='ocrx_word' id='word_1_29' title='bbox 1202 529 1325 613; x_wconf 81' lang='lat' dir='ltr'><strong>TIgrim</strong></span> <span class='ocrx_word' id='word_1_30' title='bbox 1347 548 1426 594; x_wconf 90' lang='lat' dir='ltr'><strong>non-</strong></span> 
     </span>
    </p>
   </div>
   <div class='ocr_carea' id='block_1_3' title="bbox 264 633 1426 826">
    <p class='ocr_par' dir='ltr' id='par_1_3' title="bbox 264 633 1426 826">
     <span class='ocr_line' id='line_1_5' title="bbox 265 633 1426 722; baseline -0.002 -19"><span class='ocrx_word' id='word_1_31' title='bbox 265 636 338 703; x_wconf 90' lang='lat' dir='ltr'><strong><em>dum</em></strong></span> <span class='ocrx_word' id='word_1_32' title='bbox 369 635 566 718; x_wconf 78' lang='lat' dir='ltr'><strong>transierat,</strong></span> <span class='ocrx_word' id='word_1_33' title='bbox 595 637 740 722; x_wconf 87' lang='lat' dir='ltr'><strong>(Diodor.</strong></span> <span class='ocrx_word' id='word_1_34' title='bbox 764 635 874 715; x_wconf 90' lang='lat' dir='ltr'><strong>XVII,</strong></span> <span class='ocrx_word' id='word_1_35' title='bbox 899 633 974 716; x_wconf 68' lang='lat' dir='ltr'><strong>tal</strong></span> <span class='ocrx_word' id='word_1_36' title='bbox 998 635 1083 721; x_wconf 85' lang='lat' dir='ltr'><strong>sqq.)</strong></span> <span class='ocrx_word' id='word_1_37' title='bbox 1106 635 1306 719; x_wconf 83' lang='lat' dir='ltr'><strong>legationem</strong></span> <span class='ocrx_word' id='word_1_38' title='bbox 1329 635 1426 719; x_wconf 89' lang='lat' dir='ltr'><strong>misit,</strong></span> 
     </span>
     <span class='ocr_line' id='line_1_6' title="bbox 264 740 1111 826; baseline 0 -18"><span class='ocrx_word' id='word_1_39' title='bbox 264 744 305 808; x_wconf 92' lang='lat' dir='ltr'><strong>de</strong></span> <span class='ocrx_word' id='word_1_40' title='bbox 329 762 394 824; x_wconf 85' lang='lat' dir='ltr'><strong><em>qna</em></strong></span> <span class='ocrx_word' id='word_1_41' title='bbox 416 742 579 809; x_wconf 89' lang='lat' dir='ltr'><strong>Diodorus</strong></span> <span class='ocrx_word' id='word_1_42' title='bbox 602 742 712 826; x_wconf 87' lang='lat' dir='ltr'><strong>XVII,</strong></span> <span class='ocrx_word' id='word_1_43' title='bbox 736 741 811 826; x_wconf 82' lang='lat'><strong>54,1</strong></span> <span class='ocrx_word' id='word_1_44' title='bbox 836 761 874 823; x_wconf 84' lang='lat' dir='ltr'><strong>sq</strong></span> <span class='ocrx_word' id='word_1_45' title='bbox 896 742 979 808; x_wconf 88' lang='lat' dir='ltr'><strong>haee</strong></span> <span class='ocrx_word' id='word_1_46' title='bbox 1001 740 1111 809; x_wconf 88' lang='lat' dir='ltr'><strong>tradit.</strong></span> 
     </span>
    </p>
   </div>
   <div class='ocr_carea' id='block_1_4' title="bbox 421 873 1471 1915">
    <p class='ocr_par' dir='ltr' id='par_1_4' title="bbox 421 873 1471 1915">
     <span class='ocr_line' id='line_1_7' title="bbox 421 873 1426 960; baseline 0 -24"><span class='ocrx_word' id='word_1_47' title='bbox 421 878 487 955; x_wconf 77' lang='grc' dir='ltr'><strong><em>περὶ</em></strong></span> <span class='ocrx_word' id='word_1_48' title='bbox 511 874 541 937; x_wconf 81' lang='grc' dir='ltr'><strong><em>δέ</em></strong></span> <span class='ocrx_word' id='word_1_49' title='bbox 565 875 721 946; x_wconf 80' lang='grc' dir='ltr'><strong><em>διαλύσεως</em></strong></span> <span class='ocrx_word' id='word_1_50' title='bbox 743 879 792 936; x_wconf 87' lang='grc' dir='ltr'><strong><em>καλ</em></strong></span> <span class='ocrx_word' id='word_1_51' title='bbox 814 873 955 955; x_wconf 88' lang='grc' dir='ltr'><strong><em>πρότερον</em></strong></span> <span class='ocrx_word' id='word_1_52' title='bbox 977 876 1029 954; x_wconf 73' lang='grc' dir='ltr'><strong><em>μὲν</em></strong></span> <span class='ocrx_word' id='word_1_53' title='bbox 1052 873 1197 954; x_wconf 82' lang='grc' dir='ltr'><strong><em>ἐξέπεμψε</em></strong></span> <span class='ocrx_word' id='word_1_54' title='bbox 1213 873 1390 957; x_wconf 87' lang='grc' dir='ltr'><strong><em>πρεσβευτάς</em></strong></span> <span class='ocrx_word' id='word_1_55' title='bbox 1404 875 1426 960; x_wconf 87' lang='lat'><strong><em>¹)</em></strong></span> 
     </span>
     <span class='ocr_line' id='line_1_8' title="bbox 423 977 1471 1064; baseline 0 -22"><span class='ocrx_word' id='word_1_56' title='bbox 423 981 497 1062; x_wconf 83' lang='grc' dir='ltr'><strong><em>πρός</em></strong></span> <span class='ocrx_word' id='word_1_57' title='bbox 514 981 711 1064; x_wconf 83' lang='grc' dir='ltr'><strong><em>Ἀλέξανδρον,</em></strong></span> <span class='ocrx_word' id='word_1_58' title='bbox 736 981 864 1063; x_wconf 81' lang='grc' dir='ltr'><strong><em>ε’κχωρῶν</em></strong></span> <span class='ocrx_word' id='word_1_59' title='bbox 887 981 963 1059; x_wconf 72' lang='lat' dir='ltr'><strong>aiacis</strong></span> <span class='ocrx_word' id='word_1_60' title='bbox 986 991 1036 1060; x_wconf 80' lang='grc' dir='ltr'><strong><em>τῆς</em></strong></span> <span class='ocrx_word' id='word_1_61' title='bbox 1067 981 1146 1052; x_wconf 75' lang='grc' dir='ltr'><strong><em>λατός</em></strong></span> <span class='ocrx_word' id='word_1_62' title='bbox 1167 980 1269 1052; x_wconf 80' lang='grc' dir='ltr'><em>Ἅλυος</em></span> <span class='ocrx_word' id='word_1_63' title='bbox 1294 991 1428 1060; x_wconf 75' lang='grc' dir='ltr'><strong><em>ποταμοῦ</em></strong></span> <span class='ocrx_word' id='word_1_64' title='bbox 1469 977 1471 984; x_wconf 68' lang='grc'><strong>’</strong></span> 
     </span>
     <span class='ocr_line' id='line_1_9' title="bbox 421 1085 1427 1171; baseline -0.002 -21"><span class='ocrx_word' id='word_1_65' title='bbox 421 1087 522 1171; x_wconf 83' lang='grc' dir='ltr'><strong><em>χώρας,</em></strong></span> <span class='ocrx_word' id='word_1_66' title='bbox 548 1092 596 1149; x_wconf 87' lang='grc' dir='ltr'><strong><em>καλ</em></strong></span> <span class='ocrx_word' id='word_1_67' title='bbox 619 1090 880 1170; x_wconf 85' lang='grc' dir='ltr'><strong><em>προσεπηγγέλλετο</em></strong></span> <span class='ocrx_word' id='word_1_68' title='bbox 904 1085 1003 1151; x_wconf 98' lang='grc' dir='ltr'><strong><em>δώσειν</em></strong></span> <span class='ocrx_word' id='word_1_69' title='bbox 1027 1087 1162 1170; x_wconf 75' lang='grc' dir='ltr'><em>ἀργυρίου</em></span> <span class='ocrx_word' id='word_1_70' title='bbox 1187 1087 1318 1152; x_wconf 90' lang='grc' dir='ltr'><strong><em>τάλαντα</em></strong></span> <span class='ocrx_word' id='word_1_71' title='bbox 1344 1093 1427 1169; x_wconf 89' lang='grc' dir='ltr'><strong><em>δισχί-</em></strong></span> 
     </span>
     <span class='ocr_line' id='line_1_10' title="bbox 421 1191 1429 1276; baseline 0 -20"><span class='ocrx_word' id='word_1_72' title='bbox 421 1203 485 1256; x_wconf 89' lang='grc' dir='ltr'><strong><em>λια·</em></strong></span> <span class='ocrx_word' id='word_1_73' title='bbox 517 1199 554 1266; x_wconf 79' lang='grc' dir='ltr'><strong><em>ὡς</em></strong></span> <span class='ocrx_word' id='word_1_74' title='bbox 582 1195 610 1256; x_wconf 82' lang='grc' dir='ltr'><strong><em>δ’</em></strong></span> <span class='ocrx_word' id='word_1_75' title='bbox 644 1195 678 1257; x_wconf 85' lang='grc' dir='ltr'><strong><em>οό</em></strong></span> <span class='ocrx_word' id='word_1_76' title='bbox 707 1205 858 1276; x_wconf 75' lang='grc' dir='ltr'><strong><em>προσεῖχεν</em></strong></span> <span class='ocrx_word' id='word_1_77' title='bbox 890 1195 982 1272; x_wconf 80' lang='grc' dir='ltr'><strong><em>αὐτῷ,</em></strong></span> <span class='ocrx_word' id='word_1_78' title='bbox 1016 1194 1102 1256; x_wconf 87' lang='grc' dir='ltr'><strong><em>πάλιν</em></strong></span> <span class='ocrx_word' id='word_1_79' title='bbox 1134 1195 1294 1274; x_wconf 73' lang='grc' dir='ltr'><strong><em>ἐξέπεμψεν</em></strong></span> <span class='ocrx_word' id='word_1_80' title='bbox 1326 1191 1429 1266; x_wconf 74' lang='grc' dir='ltr'><strong><em>ἄλλους</em></strong></span> 
     </span>
     <span class='ocr_line' id='line_1_11' title="bbox 422 1298 1428 1383; baseline 0 -21"><span class='ocrx_word' id='word_1_81' title='bbox 422 1304 565 1381; x_wconf 84' lang='grc' dir='ltr'><strong><em>πρέσβεις,</em></strong></span> <span class='ocrx_word' id='word_1_82' title='bbox 589 1307 711 1364; x_wconf 82' lang='grc' dir='ltr'><strong><em>έπαινών</em></strong></span> <span class='ocrx_word' id='word_1_83' title='bbox 732 1303 784 1380; x_wconf 79' lang='grc' dir='ltr'><strong><em>μὲν</em></strong></span> <span class='ocrx_word' id='word_1_84' title='bbox 807 1298 893 1363; x_wconf 87' lang='grc' dir='ltr'><strong><em>αότόν</em></strong></span> <span class='ocrx_word' id='word_1_85' title='bbox 917 1305 962 1363; x_wconf 85' lang='grc' dir='ltr'><strong><em>έπὶ</em></strong></span> <span class='ocrx_word' id='word_1_86' title='bbox 985 1311 1026 1380; x_wconf 77' lang='grc' dir='ltr'><strong><em>τῷ</em></strong></span> <span class='ocrx_word' id='word_1_87' title='bbox 1045 1303 1136 1373; x_wconf 82' lang='grc' dir='ltr'><strong><em>καλῶς</em></strong></span> <span class='ocrx_word' id='word_1_88' title='bbox 1159 1310 1320 1383; x_wconf 78' lang='grc' dir='ltr'><strong><em>κεχρῆσθαι</em></strong></span> <span class='ocrx_word' id='word_1_89' title='bbox 1343 1311 1378 1380; x_wconf 76' lang='grc' dir='ltr'><strong><em>τῇ</em></strong></span> <span class='ocrx_word' id='word_1_90' title='bbox 1399 1323 1428 1362; x_wconf 85' lang='grc' dir='ltr'><strong><em>τε</em></strong></span> 
     </span>
     <span class='ocr_line' id='line_1_12' title="bbox 422 1403 1428 1493; baseline 0 -25"><span class='ocrx_word' id='word_1_91' title='bbox 422 1411 507 1486; x_wconf 85' lang='grc' dir='ltr'><strong><em>μητρὶ</em></strong></span> <span class='ocrx_word' id='word_1_92' title='bbox 530 1411 661 1479; x_wconf 80' lang='grc' dir='ltr'><strong><em>καὶτοῖς</em></strong></span> <span class='ocrx_word' id='word_1_93' title='bbox 684 1403 780 1478; x_wconf 83' lang='grc' dir='ltr'><strong><em>άλλοις</em></strong></span> <span class='ocrx_word' id='word_1_94' title='bbox 803 1405 1000 1493; x_wconf 73' lang='grc' dir='ltr'><strong><em>αἰχμαλώτοις,</em></strong></span> <span class='ocrx_word' id='word_1_95' title='bbox 1025 1407 1109 1480; x_wconf 81' lang='grc' dir='ltr'><strong><em>ἀξιῶν</em></strong></span> <span class='ocrx_word' id='word_1_96' title='bbox 1132 1409 1162 1470; x_wconf 79' lang='grc' dir='ltr'><strong><em>δὲ</em></strong></span> <span class='ocrx_word' id='word_1_97' title='bbox 1187 1409 1270 1486; x_wconf 91' lang='grc' dir='ltr'><strong><em>φίλον</em></strong></span> <span class='ocrx_word' id='word_1_98' title='bbox 1290 1411 1428 1488; x_wconf 74' lang='grc' dir='ltr'><strong><em>γενέσθαι</em></strong></span> 
     </span>
     <span class='ocr_line' id='line_1_13' title="bbox 423 1511 1430 1596; baseline 0.001 -23"><span class='ocrx_word' id='word_1_99' title='bbox 423 1517 471 1573; x_wconf 84' lang='grc' dir='ltr'><strong><em>καὶ</em></strong></span> <span class='ocrx_word' id='word_1_100' title='bbox 494 1516 591 1594; x_wconf 77' lang='grc' dir='ltr'><strong><em>λαβεῖν</em></strong></span> <span class='ocrx_word' id='word_1_101' title='bbox 614 1511 663 1593; x_wconf 82' lang='grc' dir='ltr'><strong><em>τὴν</em></strong></span> <span class='ocrx_word' id='word_1_102' title='bbox 686 1513 764 1584; x_wconf 86' lang='grc' dir='ltr'><strong><em>έντὸς</em></strong></span> <span class='ocrx_word' id='word_1_103' title='bbox 785 1511 944 1594; x_wconf 77' lang='grc' dir='ltr'><strong><em>Εὐφράτου</em></strong></span> <span class='ocrx_word' id='word_1_104' title='bbox 965 1511 1058 1596; x_wconf 92' lang='grc' dir='ltr'><strong><em>χώραν</em></strong></span> <span class='ocrx_word' id='word_1_105' title='bbox 1081 1517 1130 1575; x_wconf 82' lang='grc' dir='ltr'><strong><em>καὶ</em></strong></span> <span class='ocrx_word' id='word_1_106' title='bbox 1153 1511 1271 1575; x_wconf 79' lang='grc' dir='ltr'><strong><em>τάλαντ’</em></strong></span> <span class='ocrx_word' id='word_1_107' title='bbox 1294 1515 1430 1596; x_wconf 75' lang='grc' dir='ltr'><strong><em>ἀργυρίου</em></strong></span> 
     </span>
     <span class='ocr_line' id='line_1_14' title="bbox 422 1617 1428 1704; baseline 0.002 -24"><span class='ocrx_word' id='word_1_108' title='bbox 422 1621 562 1702; x_wconf 85' lang='grc' dir='ltr'><strong><em>τρισχίλια</em></strong></span> <span class='ocrx_word' id='word_1_109' title='bbox 592 1623 642 1682; x_wconf 83' lang='grc' dir='ltr'><strong><em>καλ</em></strong></span> <span class='ocrx_word' id='word_1_110' title='bbox 675 1617 725 1698; x_wconf 80' lang='grc' dir='ltr'><strong><em>τὴν</em></strong></span> <span class='ocrx_word' id='word_1_111' title='bbox 759 1624 858 1700; x_wconf 80' lang='grc' dir='ltr'><strong><em>ότέραν</em></strong></span> <span class='ocrx_word' id='word_1_112' title='bbox 887 1629 941 1682; x_wconf 81' lang='grc' dir='ltr'><strong><em>τῶν</em></strong></span> <span class='ocrx_word' id='word_1_113' title='bbox 971 1624 1072 1682; x_wconf 72' lang='grc' dir='ltr'><strong><em>ἑαυτοῦ</em></strong></span> <span class='ocrx_word' id='word_1_114' title='bbox 1103 1624 1270 1702; x_wconf 75' lang='grc' dir='ltr'><strong><em>θυγατέρων</em></strong></span> <span class='ocrx_word' id='word_1_115' title='bbox 1300 1634 1428 1704; x_wconf 69' lang='grc' dir='ltr'><strong><em>γυναῖκα,</em></strong></span> 
     </span>
     <span class='ocr_line' id='line_1_15' title="bbox 422 1725 1429 1809; baseline 0 -21"><span class='ocrx_word' id='word_1_116' title='bbox 422 1727 552 1790; x_wconf 81' lang='grc' dir='ltr'><strong><em>καθόλου</em></strong></span> <span class='ocrx_word' id='word_1_117' title='bbox 589 1729 618 1790; x_wconf 76' lang='grc' dir='ltr'><strong><em>δέ</em></strong></span> <span class='ocrx_word' id='word_1_118' title='bbox 654 1727 800 1807; x_wconf 86' lang='grc' dir='ltr'><strong><em>γευόμενον</em></strong></span> <span class='ocrx_word' id='word_1_119' title='bbox 837 1725 965 1809; x_wconf 89' lang='grc' dir='ltr'><strong><em>γαμβρόν</em></strong></span> <span class='ocrx_word' id='word_1_120' title='bbox 1003 1730 1051 1788; x_wconf 84' lang='grc' dir='ltr'><strong><em>καλ</em></strong></span> <span class='ocrx_word' id='word_1_121' title='bbox 1088 1727 1167 1800; x_wconf 82' lang='grc' dir='ltr'><strong><em>τάξιν</em></strong></span> <span class='ocrx_word' id='word_1_122' title='bbox 1205 1733 1266 1790; x_wconf 79' lang='grc' dir='ltr'><strong><em>υἱοῦ</em></strong></span> <span class='ocrx_word' id='word_1_123' title='bbox 1301 1725 1429 1808; x_wconf 82' lang='grc' dir='ltr'><strong><em>λαβόντα</em></strong></span> 
     </span>
     <span class='ocr_line' id='line_1_16' title="bbox 423 1831 1220 1915; baseline 0 -21"><span class='ocrx_word' id='word_1_124' title='bbox 423 1833 562 1914; x_wconf 74' lang='grc' dir='ltr'><strong><em>καθάπερ</em></strong></span> <span class='ocrx_word' id='word_1_125' title='bbox 586 1831 720 1895; x_wconf 87' lang='grc' dir='ltr'><strong><em>κοινωνόν</em></strong></span> <span class='ocrx_word' id='word_1_126' title='bbox 742 1838 878 1915; x_wconf 82' lang='grc' dir='ltr'><strong><em>γενέσθαι</em></strong></span> <span class='ocrx_word' id='word_1_127' title='bbox 900 1843 951 1912; x_wconf 83' lang='grc' dir='ltr'><strong><em>τῆς</em></strong></span> <span class='ocrx_word' id='word_1_128' title='bbox 975 1831 1040 1913; x_wconf 81' lang='grc' dir='ltr'><strong><em>ὅλης</em></strong></span> <span class='ocrx_word' id='word_1_129' title='bbox 1061 1837 1220 1915; x_wconf 87' lang='grc' dir='ltr'><strong><em>βασιλείας.</em></strong></span> 
     </span>
    </p>
   </div>
   <div class='ocr_carea' id='block_1_5' title="bbox 265 1963 1434 2246">
    <p class='ocr_par' dir='ltr' id='par_1_5' title="bbox 265 1963 1434 2246">
     <span class='ocr_line' id='line_1_17' title="bbox 265 1963 1434 2049; baseline -0.003 -18"><span class='ocrx_word' id='word_1_130' title='bbox 265 1963 457 2032; x_wconf 85' lang='lat' dir='ltr'><strong>Alexander</strong></span> <span class='ocrx_word' id='word_1_131' title='bbox 490 1966 626 2034; x_wconf 84' lang='lat' dir='ltr'><strong>coneilio</strong></span> <span class='ocrx_word' id='word_1_132' title='bbox 651 1974 828 2035; x_wconf 81' lang='lat' dir='ltr'><strong>convocato</strong></span> <span class='ocrx_word' id='word_1_133' title='bbox 851 1965 1061 2034; x_wconf 86' lang='lat' dir='ltr'><strong>Parmenioni</strong></span> <span class='ocrx_word' id='word_1_134' title='bbox 1083 1969 1187 2036; x_wconf 84' lang='lat' dir='ltr'><strong>verba</strong></span> <span class='ocrx_word' id='word_1_135' title='bbox 1209 1966 1284 2032; x_wconf 90' lang='lat' dir='ltr'><strong>illa:</strong></span> <span class='ocrx_word' id='word_1_136' title='bbox 1308 1971 1359 2028; x_wconf 81' lang='grc' dir='ltr'><strong><em>καὶ</em></strong></span> <span class='ocrx_word' id='word_1_137' title='bbox 1383 1965 1434 2049; x_wconf 70' lang='grc' dir='ltr'><strong><em>ἐγώ</em></strong></span> 
     </span>
     <span class='ocr_line' id='line_1_18' title="bbox 265 2072 1430 2158; baseline 0.006 -26"><span class='ocrx_word' id='word_1_138' title='bbox 265 2076 293 2132; x_wconf 81' lang='grc' dir='ltr'><strong><em>ιι</em></strong></span> <span class='ocrx_word' id='word_1_139' title='bbox 313 2077 487 2154; x_wconf 71' lang='grc' dir='ltr'><strong><em>Παρμενίων</em></strong></span> <span class='ocrx_word' id='word_1_140' title='bbox 510 2075 568 2138; x_wconf 79' lang='grc' dir='ltr'><strong><em>κτλ.</em></strong></span> <span class='ocrx_word' id='word_1_141' title='bbox 593 2073 721 2158; x_wconf 86' lang='lat' dir='ltr'><strong>,legatis</strong></span> <span class='ocrx_word' id='word_1_142' title='bbox 737 2072 840 2139; x_wconf 89' lang='lat' dir='ltr'><strong>Darei</strong></span> <span class='ocrx_word' id='word_1_143' title='bbox 861 2073 943 2139; x_wconf 83' lang='lat' dir='ltr'><strong>haee</strong></span> <span class='ocrx_word' id='word_1_144' title='bbox 965 2073 1143 2156; x_wconf 86' lang='lat' dir='ltr'><strong>respondit,</strong></span> <span class='ocrx_word' id='word_1_145' title='bbox 1165 2091 1248 2155; x_wconf 83' lang='lat' dir='ltr'><strong>quae</strong></span> <span class='ocrx_word' id='word_1_146' title='bbox 1268 2073 1430 2141; x_wconf 88' lang='lat' dir='ltr'><strong>Diodorus</strong></span> 
     </span>
     <span class='ocr_line' id='line_1_19' title="bbox 269 2178 524 2246; baseline 0.008 -2"><span class='ocrx_word' id='word_1_147' title='bbox 269 2179 389 2246; x_wconf 88' lang='lat' dir='ltr'><strong>ibidem</strong></span> <span class='ocrx_word' id='word_1_148' title='bbox 413 2178 524 2246; x_wconf 88' lang='lat' dir='ltr'><strong>tradit.</strong></span> 
     </span>
    </p>
   </div>
   <div class='ocr_carea' id='block_1_6' title="bbox 421 2309 1434 3458">
    <p class='ocr_par' dir='ltr' id='par_1_6' title="bbox 421 2309 1434 3458">
     <span class='ocr_line' id='line_1_20' title="bbox 425 2309 1434 2394; baseline 0.001 -22"><span class='ocrx_word' id='word_1_149' title='bbox 425 2324 485 2384; x_wconf 88' lang='grc' dir='ltr'><strong><em>τοῖς</em></strong></span> <span class='ocrx_word' id='word_1_150' title='bbox 507 2313 559 2391; x_wconf 79' lang='grc' dir='ltr'><strong><em>μὲν</em></strong></span> <span class='ocrx_word' id='word_1_151' title='bbox 581 2315 735 2394; x_wconf 77' lang='grc' dir='ltr'><strong><em>πρέσβεσιν</em></strong></span> <span class='ocrx_word' id='word_1_152' title='bbox 758 2309 911 2393; x_wconf 82' lang='grc' dir='ltr'><strong><em>άπόκρισιν</em></strong></span> <span class='ocrx_word' id='word_1_153' title='bbox 935 2311 1038 2374; x_wconf 79' lang='grc' dir='ltr'><strong><em>ἔδωκεν</em></strong></span> <span class='ocrx_word' id='word_1_154' title='bbox 1060 2313 1097 2384; x_wconf 84' lang='grc' dir='ltr'><strong><em>ώς</em></strong></span> <span class='ocrx_word' id='word_1_155' title='bbox 1112 2313 1179 2376; x_wconf 73' lang='grc' dir='ltr'><strong><em>οὐδ’</em></strong></span> <span class='ocrx_word' id='word_1_156' title='bbox 1198 2318 1214 2373; x_wconf 86' lang='grc' dir='ltr'>ὁ</span> <span class='ocrx_word' id='word_1_157' title='bbox 1231 2310 1339 2392; x_wconf 90' lang='grc' dir='ltr'><strong><em>κόσμος</em></strong></span> <span class='ocrx_word' id='word_1_158' title='bbox 1356 2318 1434 2374; x_wconf 86' lang='grc' dir='ltr'><strong><em>δυοῖν</em></strong></span> 
     </span>
     <span class='ocr_line' id='line_1_21' title="bbox 425 2415 1433 2501; baseline 0.001 -22"><span class='ocrx_word' id='word_1_159' title='bbox 425 2419 511 2498; x_wconf 83' lang='grc' dir='ltr'><strong><em>ἡλίων</em></strong></span> <span class='ocrx_word' id='word_1_160' title='bbox 534 2415 623 2480; x_wconf 87' lang='grc' dir='ltr'><strong><em>όντων</em></strong></span> <span class='ocrx_word' id='word_1_161' title='bbox 645 2428 765 2501; x_wconf 74' lang='grc' dir='ltr'><strong><em>τηρῆσαι</em></strong></span> <span class='ocrx_word' id='word_1_162' title='bbox 796 2417 901 2481; x_wconf 75' lang='grc' dir='ltr'><strong><em>δύναιτ’</em></strong></span> <span class='ocrx_word' id='word_1_163' title='bbox 934 2417 969 2481; x_wconf 86' lang='grc' dir='ltr'><strong><em>άν</em></strong></span> <span class='ocrx_word' id='word_1_164' title='bbox 997 2416 1047 2496; x_wconf 79' lang='grc' dir='ltr'><strong><em>τὴν</em></strong></span> <span class='ocrx_word' id='word_1_165' title='bbox 1077 2421 1152 2481; x_wconf 81' lang='grc' dir='ltr'><strong><em>ἰδίαν</em></strong></span> <span class='ocrx_word' id='word_1_166' title='bbox 1184 2419 1374 2498; x_wconf 88' lang='grc' dir='ltr'><strong><em>διακόσμησίν</em></strong></span> <span class='ocrx_word' id='word_1_167' title='bbox 1402 2441 1433 2480; x_wconf 84' lang='grc' dir='ltr'><strong><em>τε</em></strong></span> 
     </span>
     <span class='ocr_line' id='line_1_22' title="bbox 426 2521 1433 2607; baseline 0.001 -22"><span class='ocrx_word' id='word_1_168' title='bbox 426 2528 475 2586; x_wconf 87' lang='grc' dir='ltr'><strong><em>καλ</em></strong></span> <span class='ocrx_word' id='word_1_169' title='bbox 498 2521 587 2598; x_wconf 83' lang='grc' dir='ltr'><strong><em>τάξιν,</em></strong></span> <span class='ocrx_word' id='word_1_170' title='bbox 611 2525 678 2587; x_wconf 78' lang='grc' dir='ltr'><strong><em>οὐδ’</em></strong></span> <span class='ocrx_word' id='word_1_171' title='bbox 703 2528 720 2605; x_wconf 78' lang='grc' dir='ltr'><strong><em>ἡ</em></strong></span> <span class='ocrx_word' id='word_1_172' title='bbox 744 2529 891 2604; x_wconf 83' lang='grc' dir='ltr'><strong><em>οἰκουμένη</em></strong></span> <span class='ocrx_word' id='word_1_173' title='bbox 918 2522 969 2587; x_wconf 80' lang='lat' dir='ltr'><strong><em>oto</em></strong></span> <span class='ocrx_word' id='word_1_174' title='bbox 991 2526 1134 2607; x_wconf 81' lang='grc' dir='ltr'><strong><em>βασιλέων</em></strong></span> <span class='ocrx_word' id='word_1_175' title='bbox 1161 2522 1353 2606; x_wconf 76' lang='grc' dir='ltr'><strong><em>ἐχόντωντὴν</em></strong></span> <span class='ocrx_word' id='word_1_176' title='bbox 1376 2530 1433 2606; x_wconf 70' lang='grc' dir='ltr'><strong><em>ι’γγε·</em></strong></span> 
     </span>
     <span class='ocr_line' id='line_1_23' title="bbox 423 2629 1432 2714; baseline -0.002 -20"><span class='ocrx_word' id='word_1_177' title='bbox 423 2634 524 2710; x_wconf 84' lang='grc' dir='ltr'><strong><em>μοκίαν</em></strong></span> <span class='ocrx_word' id='word_1_178' title='bbox 554 2631 708 2714; x_wconf 89' lang='grc' dir='ltr'><strong><em>άταράχως</em></strong></span> <span class='ocrx_word' id='word_1_179' title='bbox 739 2636 786 2693; x_wconf 85' lang='grc' dir='ltr'><strong><em>καλ</em></strong></span> <span class='ocrx_word' id='word_1_180' title='bbox 822 2629 1027 2702; x_wconf 77' lang='grc' dir='ltr'><strong><em>ἀστασιάστους</em></strong></span> <span class='ocrx_word' id='word_1_181' title='bbox 1058 2635 1201 2710; x_wconf 83' lang='grc' dir='ltr'><strong><em>διαμένειν</em></strong></span> <span class='ocrx_word' id='word_1_182' title='bbox 1231 2629 1267 2692; x_wconf 77' lang='lat' dir='ltr'><strong><em>dv</em></strong></span> <span class='ocrx_word' id='word_1_183' title='bbox 1299 2629 1432 2693; x_wconf 88' lang='grc' dir='ltr'><strong><em>δόναιτο·</em></strong></span> 
     </span>
     <span class='ocr_line' id='line_1_24' title="bbox 423 2735 1433 2820; baseline 0 -20"><span class='ocrx_word' id='word_1_184' title='bbox 423 2736 525 2820; x_wconf 86' lang='grc' dir='ltr'><strong><em>διόπερ</em></strong></span> <span class='ocrx_word' id='word_1_185' title='bbox 549 2736 736 2820; x_wconf 72' lang='grc' dir='ltr'><strong><em>ἀπαγγέλλειν</em></strong></span> <span class='ocrx_word' id='word_1_186' title='bbox 759 2735 864 2809; x_wconf 83' lang='grc' dir='ltr'><strong><em>αότοός</em></strong></span> <span class='ocrx_word' id='word_1_187' title='bbox 887 2740 1014 2800; x_wconf 78' lang='grc' dir='ltr'><strong><em>ἐκέλευσε</em></strong></span> <span class='ocrx_word' id='word_1_188' title='bbox 1037 2747 1075 2816; x_wconf 78' lang='grc' dir='ltr'><strong><em>τῷ</em></strong></span> <span class='ocrx_word' id='word_1_189' title='bbox 1096 2740 1226 2820; x_wconf 78' lang='grc' dir='ltr'><strong><em>Δαρείῳ,</em></strong></span> <span class='ocrx_word' id='word_1_190' title='bbox 1259 2743 1286 2799; x_wconf 85' lang='grc' dir='ltr'><strong><em>εί</em></strong></span> <span class='ocrx_word' id='word_1_191' title='bbox 1305 2739 1359 2816; x_wconf 75' lang='grc' dir='ltr'><strong><em>μὲν</em></strong></span> <span class='ocrx_word' id='word_1_192' title='bbox 1380 2746 1433 2800; x_wconf 82' lang='grc' dir='ltr'><strong><em>τῶν</em></strong></span> 
     </span>
     <span class='ocr_line' id='line_1_25' title="bbox 424 2841 1431 2927; baseline 0 -22"><span class='ocrx_word' id='word_1_193' title='bbox 424 2847 569 2923; x_wconf 83' lang='grc' dir='ltr'><strong><em>πρωτείων</em></strong></span> <span class='ocrx_word' id='word_1_194' title='bbox 593 2845 738 2927; x_wconf 71' lang='grc' dir='ltr'><strong><em>ὀρέγεται,</em></strong></span> <span class='ocrx_word' id='word_1_195' title='bbox 774 2842 972 2926; x_wconf 80' lang='grc' dir='ltr'><strong><em>διαμάχεσθαι</em></strong></span> <span class='ocrx_word' id='word_1_196' title='bbox 1002 2841 1076 2926; x_wconf 87' lang='grc' dir='ltr'><strong><em>πρός</em></strong></span> <span class='ocrx_word' id='word_1_197' title='bbox 1105 2841 1191 2905; x_wconf 84' lang='grc' dir='ltr'><strong><em>αότόν</em></strong></span> <span class='ocrx_word' id='word_1_198' title='bbox 1217 2848 1357 2926; x_wconf 79' lang='grc' dir='ltr'><strong><em>περὶτῆς</em></strong></span> <span class='ocrx_word' id='word_1_199' title='bbox 1379 2852 1431 2905; x_wconf 79' lang='grc' dir='ltr'><strong><em>τῶν</em></strong></span> 
     </span>
     <span class='ocr_line' id='line_1_26' title="bbox 426 2947 1432 3032; baseline -0.002 -20"><span class='ocrx_word' id='word_1_200' title='bbox 426 2947 499 3012; x_wconf 87' lang='grc' dir='ltr'><strong><em>όλωυ</em></strong></span> <span class='ocrx_word' id='word_1_201' title='bbox 532 2954 705 3032; x_wconf 81' lang='grc' dir='ltr'><strong><em>μοναρχίας·</em></strong></span> <span class='ocrx_word' id='word_1_202' title='bbox 741 2956 768 3012; x_wconf 80' lang='grc' dir='ltr'><strong><em>εί</em></strong></span> <span class='ocrx_word' id='word_1_203' title='bbox 800 2953 830 3011; x_wconf 74' lang='grc' dir='ltr'><strong><em>δέ</em></strong></span> <span class='ocrx_word' id='word_1_204' title='bbox 865 2948 947 3029; x_wconf 89' lang='grc' dir='ltr'><strong><em>δόξης</em></strong></span> <span class='ocrx_word' id='word_1_205' title='bbox 980 2959 1169 3029; x_wconf 80' lang='grc' dir='ltr'><strong><em>καταφρονῶν</em></strong></span> <span class='ocrx_word' id='word_1_206' title='bbox 1202 2952 1349 3032; x_wconf 81' lang='grc' dir='ltr'><strong><em>προκρίνει</em></strong></span> <span class='ocrx_word' id='word_1_207' title='bbox 1383 2948 1432 3027; x_wconf 83' lang='grc' dir='ltr'><strong><em>τὴν</em></strong></span> 
     </span>
     <span class='ocr_line' id='line_1_27' title="bbox 426 3053 1430 3138; baseline -0.002 -20"><span class='ocrx_word' id='word_1_208' title='bbox 426 3058 604 3119; x_wconf 81' lang='grc' dir='ltr'><strong><em>λυσιτέλειαν</em></strong></span> <span class='ocrx_word' id='word_1_209' title='bbox 633 3061 682 3118; x_wconf 85' lang='grc' dir='ltr'><strong><em>καλ</em></strong></span> <span class='ocrx_word' id='word_1_210' title='bbox 710 3055 761 3136; x_wconf 80' lang='grc' dir='ltr'><strong><em>τὴν</em></strong></span> <span class='ocrx_word' id='word_1_211' title='bbox 789 3061 822 3118; x_wconf 78' lang='lat' dir='ltr'><strong><em>du</em></strong></span> <span class='ocrx_word' id='word_1_212' title='bbox 856 3066 905 3134; x_wconf 80' lang='grc' dir='ltr'><strong><em>τῆς</em></strong></span> <span class='ocrx_word' id='word_1_213' title='bbox 934 3056 1080 3136; x_wconf 75' lang='grc' dir='ltr'><strong><em>ῥᾳστώνης</em></strong></span> <span class='ocrx_word' id='word_1_214' title='bbox 1108 3054 1232 3138; x_wconf 76' lang='grc' dir='ltr'><strong><em>τρυφήν,</em></strong></span> <span class='ocrx_word' id='word_1_215' title='bbox 1266 3053 1351 3128; x_wconf 84' lang='grc' dir='ltr'><strong><em>αότός</em></strong></span> <span class='ocrx_word' id='word_1_216' title='bbox 1380 3058 1430 3134; x_wconf 75' lang='grc' dir='ltr'><strong><em>μὲν</em></strong></span> 
     </span>
     <span class='ocr_line' id='line_1_28' title="bbox 421 3159 1426 3244; baseline -0.001 -21"><span class='ocrx_word' id='word_1_217' title='bbox 421 3160 600 3241; x_wconf 84' lang='grc' dir='ltr'><strong><em>Ἀλεξάνδρῳ</em></strong></span> <span class='ocrx_word' id='word_1_218' title='bbox 635 3167 751 3227; x_wconf 87' lang='grc' dir='ltr'><strong><em>ποιείτω</em></strong></span> <span class='ocrx_word' id='word_1_219' title='bbox 784 3163 822 3224; x_wconf 86' lang='grc' dir='ltr'><strong><em>τά</em></strong></span> <span class='ocrx_word' id='word_1_220' title='bbox 855 3160 1110 3243; x_wconf 84' lang='grc' dir='ltr'><strong><em>προσταττόμενα,</em></strong></span> <span class='ocrx_word' id='word_1_221' title='bbox 1145 3160 1239 3225; x_wconf 83' lang='grc' dir='ltr'><strong><em>άλλωυ</em></strong></span> <span class='ocrx_word' id='word_1_222' title='bbox 1271 3165 1302 3224; x_wconf 75' lang='grc' dir='ltr'><strong><em>δὲ</em></strong></span> <span class='ocrx_word' id='word_1_223' title='bbox 1332 3159 1426 3244; x_wconf 88' lang='grc' dir='ltr'><strong><em>άρχων</em></strong></span> 
     </span>
     <span class='ocr_line' id='line_1_29' title="bbox 423 3265 1428 3351; baseline 0 -21"><span class='ocrx_word' id='word_1_224' title='bbox 423 3265 613 3349; x_wconf 82' lang='grc' dir='ltr'><strong><em>βασιλευέτω,</em></strong></span> <span class='ocrx_word' id='word_1_225' title='bbox 653 3273 883 3351; x_wconf 87' lang='grc' dir='ltr'><strong><em>συγχωρουμένης</em></strong></span> <span class='ocrx_word' id='word_1_226' title='bbox 920 3269 998 3346; x_wconf 76' lang='grc' dir='ltr'><strong><em>αὐτῷ</em></strong></span> <span class='ocrx_word' id='word_1_227' title='bbox 1030 3278 1081 3346; x_wconf 80' lang='grc' dir='ltr'><strong><em>της</em></strong></span> <span class='ocrx_word' id='word_1_228' title='bbox 1118 3269 1247 3340; x_wconf 75' lang='grc' dir='ltr'><strong><em>ἐξουσίας</em></strong></span> <span class='ocrx_word' id='word_1_229' title='bbox 1286 3267 1342 3330; x_wconf 77' lang='grc' dir='ltr'><strong><em>ὑπὸ</em></strong></span> <span class='ocrx_word' id='word_1_230' title='bbox 1379 3279 1428 3345; x_wconf 78' lang='grc' dir='ltr'><strong><em>τῆς</em></strong></span> 
     </span>
     <span class='ocr_line' id='line_1_30' title="bbox 422 3373 842 3458; baseline -0.002 -21"><span class='ocrx_word' id='word_1_231' title='bbox 422 3373 607 3458; x_wconf 83' lang='grc' dir='ltr'><strong><em>Ἀλεξάνδρου</em></strong></span> <span class='ocrx_word' id='word_1_232' title='bbox 628 3373 842 3458; x_wconf 61' lang='grc' dir='ltr'><strong><em>χρηστότητος</em></strong></span> 
     </span>
    </p>
   </div>
   <div class='ocr_carea' id='block_1_7' title="bbox 264 3507 1427 3700">
    <p class='ocr_par' dir='ltr' id='par_1_7' title="bbox 264 3507 1427 3700">
     <span class='ocr_line' id='line_1_31' title="bbox 270 3507 1426 3595; baseline -0.003 -19"><span class='ocrx_word' id='word_1_233' title='bbox 270 3511 363 3576; x_wconf 90' lang='lat' dir='ltr'><strong>Haeo</strong></span> <span class='ocrx_word' id='word_1_234' title='bbox 385 3507 557 3574; x_wconf 83' lang='lat' dir='ltr'><strong>Diodorus.</strong></span> <span class='ocrx_word' id='word_1_235' title='bbox 574 3507 717 3574; x_wconf 87' lang='lat' dir='ltr'><strong>Arriano</strong></span> <span class='ocrx_word' id='word_1_236' title='bbox 741 3508 799 3593; x_wconf 86' lang='lat'><strong>(11,</strong></span> <span class='ocrx_word' id='word_1_237' title='bbox 823 3507 897 3593; x_wconf 83' lang='lat'><strong>13,7</strong></span> <span class='ocrx_word' id='word_1_238' title='bbox 922 3509 984 3595; x_wconf 86' lang='lat' dir='ltr'><strong>sq.)</strong></span> <span class='ocrx_word' id='word_1_239' title='bbox 1006 3515 1115 3575; x_wconf 87' lang='lat' dir='ltr'><strong>autem</strong></span> <span class='ocrx_word' id='word_1_240' title='bbox 1135 3513 1223 3574; x_wconf 87' lang='lat' dir='ltr'><strong>teste</strong></span> <span class='ocrx_word' id='word_1_241' title='bbox 1236 3507 1426 3575; x_wconf 84' lang='lat' dir='ltr'><strong>Alexander</strong></span> 
     </span>
     <span class='ocr_line' id='line_1_32' title="bbox 264 3613 1427 3700; baseline -0.006 -20"><span class='ocrx_word' id='word_1_242' title='bbox 264 3621 340 3697; x_wconf 86' lang='lat' dir='ltr'><strong>post</strong></span> <span class='ocrx_word' id='word_1_243' title='bbox 363 3631 504 3698; x_wconf 81' lang='lat' dir='ltr'><strong>pugnam</strong></span> <span class='ocrx_word' id='word_1_244' title='bbox 527 3615 572 3680; x_wconf 91' lang='lat' dir='ltr'><strong><em>ad</em></strong></span> <span class='ocrx_word' id='word_1_245' title='bbox 594 3613 700 3682; x_wconf 88' lang='lat' dir='ltr'><strong>Issum</strong></span> <span class='ocrx_word' id='word_1_246' title='bbox 716 3613 838 3680; x_wconf 85' lang='lat' dir='ltr'><strong>iactam</strong></span> <span class='ocrx_word' id='word_1_247' title='bbox 855 3615 1062 3700; x_wconf 65' lang='lat' dir='ltr'><strong>Mesorome)</strong></span> <span class='ocrx_word' id='word_1_248' title='bbox 1079 3614 1206 3698; x_wconf 85' lang='lat' dir='ltr'><strong>Syriae,</strong></span> <span class='ocrx_word' id='word_1_249' title='bbox 1223 3632 1319 3695; x_wconf 88' lang='lat' dir='ltr'><strong>qnam</strong></span> <span class='ocrx_word' id='word_1_250' title='bbox 1335 3615 1427 3692; x_wconf 69' lang='grc' dir='ltr'><strong><em>κοιληι</em></strong></span> 
     </span>
    </p>
   </div>
   <div class='ocr_carea' id='block_1_8' title="bbox 262 3825 1425 4251">
    <p class='ocr_par' dir='ltr' id='par_1_8' title="bbox 262 3825 1425 4251">
     <span class='ocr_line' id='line_1_33' title="bbox 352 3825 1425 3897; baseline -0.002 -16"><span class='ocrx_word' id='word_1_251' title='bbox 352 3825 374 3896; x_wconf 80' lang='lat'><strong><em>²)</em></strong></span> <span class='ocrx_word' id='word_1_252' title='bbox 393 3825 510 3881; x_wconf 85' lang='lat' dir='ltr'><strong>Dareum</strong></span> <span class='ocrx_word' id='word_1_253' title='bbox 528 3827 592 3880; x_wconf 89' lang='lat' dir='ltr'><strong>tuno</strong></span> <span class='ocrx_word' id='word_1_254' title='bbox 607 3841 660 3879; x_wconf 89' lang='lat' dir='ltr'><strong><em>non</em></strong></span> <span class='ocrx_word' id='word_1_255' title='bbox 672 3825 780 3897; x_wconf 79' lang='lat' dir='ltr'><strong>legatos,</strong></span> <span class='ocrx_word' id='word_1_256' title='bbox 795 3828 842 3882; x_wconf 86' lang='lat' dir='ltr'><strong><em>sed</em></strong></span> <span class='ocrx_word' id='word_1_257' title='bbox 852 3827 990 3897; x_wconf 84' lang='lat' dir='ltr'><strong>epistulam</strong></span> <span class='ocrx_word' id='word_1_258' title='bbox 1004 3826 1107 3882; x_wconf 87' lang='lat' dir='ltr'><strong>misisse</strong></span> <span class='ocrx_word' id='word_1_259' title='bbox 1126 3826 1187 3880; x_wconf 92' lang='lat' dir='ltr'><strong>dioit</strong></span> <span class='ocrx_word' id='word_1_260' title='bbox 1199 3825 1329 3880; x_wconf 85' lang='lat' dir='ltr'><strong>Diodorus</strong></span> <span class='ocrx_word' id='word_1_261' title='bbox 1341 3826 1425 3892; x_wconf 86' lang='lat' dir='ltr'><strong>XVII,</strong></span> 
     </span>
     <span class='ocr_line' id='line_1_34' title="bbox 263 3916 1424 4074; baseline -0.005 -16"><span class='ocrx_word' id='word_1_262' title='bbox 263 3916 334 3984; x_wconf 50' lang='grc' dir='ltr'><strong>Μ</strong></span> <span class='ocrx_word' id='word_1_263' title='bbox 353 4003 373 4074; x_wconf 86' lang='lat'><strong><em>⁷)</em></strong></span> <span class='ocrx_word' id='word_1_264' title='bbox 392 4003 480 4058; x_wconf 74' lang='lat' dir='ltr'><strong>curtio</strong></span> <span class='ocrx_word' id='word_1_265' title='bbox 498 4003 545 4073; x_wconf 94' lang='lat' dir='ltr'><strong>IV,</strong></span> <span class='ocrx_word' id='word_1_266' title='bbox 565 4004 586 4073; x_wconf 94' lang='lat' dir='ltr'><strong>I,</strong></span> <span class='ocrx_word' id='word_1_267' title='bbox 616 4006 631 4059; x_wconf 89' lang='lat'>1</span> <span class='ocrx_word' id='word_1_268' title='bbox 655 4006 723 4058; x_wconf 86' lang='lat' dir='ltr'><strong>teste</strong></span> <span class='ocrx_word' id='word_1_269' title='bbox 741 4003 893 4060; x_wconf 81' lang='lat' dir='ltr'><strong>Alexander</strong></span> <span class='ocrx_word' id='word_1_270' title='bbox 909 4019 963 4058; x_wconf 89' lang='lat' dir='ltr'><strong><em>non</em></strong></span> <span class='ocrx_word' id='word_1_271' title='bbox 986 4003 1135 4074; x_wconf 85' lang='lat' dir='ltr'><strong>Menonem,</strong></span> <span class='ocrx_word' id='word_1_272' title='bbox 1163 4003 1210 4057; x_wconf 89' lang='lat' dir='ltr'><strong><em>sed</em></strong></span> <span class='ocrx_word' id='word_1_273' title='bbox 1228 4002 1424 4056; x_wconf 87' lang='lat' dir='ltr'><strong>Parmenionem</strong></span> 
     </span>
     <span class='ocr_line' id='line_1_35' title="bbox 262 4089 1424 4166; baseline -0.002 -22"><span class='ocrx_word' id='word_1_274' title='bbox 262 4092 391 4166; x_wconf 78' lang='lat' dir='ltr'><strong>praefecit</strong></span> <span class='ocrx_word' id='word_1_275' title='bbox 406 4091 505 4160; x_wconf 83' lang='lat' dir='ltr'><strong>Syriae.</strong></span> <span class='ocrx_word' id='word_1_276' title='bbox 532 4092 672 4147; x_wconf 89' lang='lat' dir='ltr'><strong>Parmenio</strong></span> <span class='ocrx_word' id='word_1_277' title='bbox 691 4108 748 4146; x_wconf 88' lang='lat' dir='ltr'><strong><em>eam</em></strong></span> <span class='ocrx_word' id='word_1_278' title='bbox 762 4092 943 4146; x_wconf 82' lang='lat' dir='ltr'><strong>Andromacho</strong></span> <span class='ocrx_word' id='word_1_279' title='bbox 961 4092 1068 4146; x_wconf 85' lang='lat' dir='ltr'><strong>tradidit</strong></span> <span class='ocrx_word' id='word_1_280' title='bbox 1086 4091 1171 4162; x_wconf 78' lang='lat' dir='ltr'><strong>(Curi.</strong></span> <span class='ocrx_word' id='word_1_281' title='bbox 1189 4091 1237 4162; x_wconf 89' lang='lat' dir='ltr'><strong>IV,</strong></span> <span class='ocrx_word' id='word_1_282' title='bbox 1256 4091 1288 4160; x_wconf 94' lang='lat' dir='ltr'><strong>V,</strong></span> <span class='ocrx_word' id='word_1_283' title='bbox 1308 4091 1361 4160; x_wconf 83' lang='lat'><strong>22.)</strong></span> <span class='ocrx_word' id='word_1_284' title='bbox 1386 4089 1424 4143; x_wconf 82' lang='lat' dir='ltr'><strong>lle</strong></span> 
     </span>
     <span class='ocr_line' id='line_1_36' title="bbox 264 4181 819 4251; baseline 0.002 -18"><span class='ocrx_word' id='word_1_285' title='bbox 264 4181 448 4236; x_wconf 79' lang='lat' dir='ltr'><strong>Andromacho</strong></span> <span class='ocrx_word' id='word_1_286' title='bbox 467 4181 501 4238; x_wconf 82' lang='lat' dir='ltr'><strong>ei.</strong></span> <span class='ocrx_word' id='word_1_287' title='bbox 522 4181 593 4237; x_wconf 75' lang='lat' dir='ltr'><strong>mua.</strong></span> <span class='ocrx_word' id='word_1_288' title='bbox 613 4184 660 4251; x_wconf 89' lang='lat' dir='ltr'><strong>IV,</strong></span> <span class='ocrx_word' id='word_1_289' title='bbox 679 4185 757 4251; x_wconf 93' lang='lat' dir='ltr'><strong>VIII,</strong></span> <span class='ocrx_word' id='word_1_290' title='bbox 776 4181 819 4238; x_wconf 85' lang='lat'><strong><em>34.</em></strong></span> 
     </span>
    </p>
   </div>
   <div class='ocr_carea' id='block_1_9' title="bbox 0 0 1509 4612">
    <p class='ocr_par' dir='ltr' id='par_1_9' title="bbox 0 0 1509 4612">
     <span class='ocr_line' id='line_1_37' title="bbox 0 0 1509 4612; baseline 0 0"><span class='ocrx_word' id='word_1_291' title='bbox 0 0 1509 4612; x_wconf 95' lang='lat' dir='ltr'><strong><em> </em></strong></span> 
     </span>
    </p>
   </div>
  </div>
 </body>
</html>
