3008 4614
829 68 871 133 76

264 262 404 330 AthanIs
426 262 615 346 rogationes
639 263 680 328 de
704 262 823 330 divinis
847 263 1022 330 honoribus
1039 261 1228 328 Alexandro
1252 261 1426 328 tribuendis

264 366 352 434 latas
386 387 459 435 esse
493 368 630 434 tradunt
666 375 799 434 veteres
834 367 1023 450 scriptores.
1033 367 1059 451 ¹)
1099 385 1234 448 quorum
1270 387 1288 434 e
1323 368 1427 437 verbis
1481 353 1482 404 ἶ

263 472 458 556 intelligitur
490 474 619 554 quidem
649 474 871 540 Athenienses
904 473 959 543 rel
990 475 1098 555 potins
1130 475 1287 554 quosdam
1322 491 1426 540 eorum

263 578 388 648 invitos
420 579 607 646 decrevisse
634 578 823 645 Alexandro
856 578 983 647 divium
1012 579 1168 660 honores,
1200 579 1259 644 sed
1289 596 1353 645 non
1383 587 1428 644 est

265 685 482 768 colligendum
512 688 620 767 ipsum
643 683 867 751 Alexandrum
896 687 955 760 hos
986 687 1127 752 honores
1152 683 1215 750 sibi
1243 703 1426 766 arrogasse:

264 810 341 857 nam
364 795 611 859 concionatores
627 791 801 875 populares
824 798 982 874 poterant
1004 795 1090 858 ultro
1106 809 1225 872 rogare
1249 792 1291 857 de
1315 790 1427 859 divinis

264 896 441 964 honoribus
456 899 646 965 Alexandro
668 897 863 980 tribuendis,
888 898 979 966 velut
993 898 1165 980 Demades,
1189 915 1286 977 quem
1301 897 1427 962 Atheni·
1482 917 1483 964 ὲ

265 1022 359 1071 enses
383 1005 423 1070 ob
448 1005 533 1072 hanc
556 1024 688 1071 causam
713 1004 850 1086 pecunia
876 1003 1099 1071 multaverunt
1107 1001 1141 1089 2).
1189 1002 1282 1069 Alias
1305 1022 1428 1083 quoque

265 1108 418 1177 civitates
442 1109 570 1177 divinos
593 1111 733 1176 honores
755 1108 948 1174 Alexandro
972 1108 1127 1176 tribuisse
1150 1107 1322 1194 constati).

352 1234 404 1298 Ex
426 1235 478 1314 iis,
502 1251 587 1314 quae
610 1233 688 1314 dixi,
719 1243 935 1311 veterumque
965 1231 1162 1312 scriptorum
1193 1250 1274 1312 quos
1301 1231 1427 1298 laudavi

263 1339 343 1405 locis
366 1345 505 1421 apparet
529 1337 657 1418 quidem
682 1337 907 1405 Alexandrum
931 1335 1054 1404 divinis
1081 1337 1260 1404 honoribus
1283 1335 1426 1404 affectum

265 1463 347 1524 esse,
364 1447 423 1511 sed
440 1464 504 1510 non
521 1447 620 1510 dehet
632 1443 742 1524 colligi
758 1463 814 1509 eos
826 1445 931 1525 ipsum
942 1444 1169 1509 Alexandrum
1185 1435 1248 1510 sibi
1259 1461 1428 1526 arrogasse
1483 1477 1484 1534 p

264 1558 323 1616 aut
334 1550 395 1616 sibi
409 1551 508 1617 tribui
521 1550 667 1633 J'ussissc‚
684 1551 802 1616 nedum
815 1549 966 1631 Philippo
982 1568 1019 1614 se
1035 1551 1179 1633 genitum
1196 1567 1269 1616 esse
1284 1567 1426 1632 negasse.
1483 1543 1484 1602 i

264 1658 315 1723 Ea
331 1662 452 1740 autem,
477 1675 561 1737 quae
578 1657 666 1738 apud
681 1655 859 1721 Arrianum
882 1656 941 1734 IV,
968 1654 1044 1734 10,5
1068 1673 1138 1736 sqq.
1163 1655 1332 1722 Iustinum
1353 1656 1425 1737 XII,

265 1760 329 1846 7,1,
353 1781 401 1842 sq.
449 1763 659 1842 Curtiumque
688 1761 781 1846 VIII,
807 1762 847 1844 V,
874 1758 915 1827 18
939 1780 1010 1842 sqq.
1034 1763 1203 1845 leguntur,
1235 1762 1307 1828 sine
1337 1762 1426 1827 dubio

264 1887 386 1949 magna
402 1887 444 1934 ex
459 1875 534 1950 part
537 1887 555 1934 e
520 1868 628 1934 ttfic
614 1874 650 1933 ta
667 1876 702 1934 at
704 1885 766 1949 que
783 1873 986 1950 exaggerata
1003 1875 1079 1933 sunt
1096 1885 1240 1933 ararum
1264 1854 1485 1949 scriptore,

265 1993 360 2055 quem
375 1974 440 2041 fide
457 1973 592 2057 dignum
608 1993 674 2040 non
689 1973 790 2040 inisse
806 1973 1012 2057 perspicuum
1037 1979 1090 2039 est
1106 1992 1147 2039 ex
1163 1973 1299 2039 Arriani
1313 1972 1424 2039 ibidem

267 2100 285 2147 o
310 2078 385 2165 10,5
408 2081 536 2150 verbis:
560 2084 610 2140 καὶ
632 2078 746 2142 τοιόσδε
767 2085 879 2161 κατέχει
903 2079 989 2162 λόγοι,
1015 2080 1132 2160 quibus
1148 2079 1310 2146 Arrianus
1332 2082 1426 2146 utitur

266 2205 338 2252 curn
362 2187 543 2252 narrationi
567 2186 662 2253 fidem
685 2204 751 2252 non
774 2181 896 2253 habeti
915 2186 1096 2266 etquidem
1115 2187 1190 2269 Jure
1215 2187 1334 2267 optimo
1355 2185 1426 2251 huic

264 2291 443 2358 narrationi
468 2291 601 2359 diffidit:
625 2311 729 2372 neque
753 2293 838 2358 enim
863 2291 1021 2358 credibile
1049 2297 1101 2358 est
1122 2294 1352 2359 Anaxarchum
1374 2299 1428 2360 aut
1485 2309 1486 2312 ¹

265 2396 415 2464 Cleonem
441 2397 541 2463 talem
565 2416 747 2464 sermonem
771 2416 812 2462 ex
829 2400 1007 2480 composito
1023 2389 1208 2464 instituisse
1223 2398 1424 2463 autAlexan·
1485 2443 1486 2448 η

265 2504 358 2570 drum
374 2505 503 2570 interea
518 2510 592 2585 post
602 2504 718 2570 aulaea
734 2504 875 2586 stetisse,
893 2510 930 2568 ut
945 2503 993 2568 ait
1009 2503 1150 2587 Curtius,
1169 2503 1269 2583 quiet
1286 2503 1424 2568 hocloco
1485 2557 1486 2560 ,

265 2620 300 2676 et
322 2609 442 2676 ibidem
467 2629 493 2676 c.
520 2611 564 2695 V,
590 2611 630 2674 17
655 2609 778 2677 verbis:
815 2610 1044 2692 ι«1331351533
1066 2632 1131 2676 coo
1154 2611 1218 2676 dici
1242 2616 1361 2675 tactum
1386 2629 1424 2685 se,
1485 2609 1486 2612 ’

263 2716 317 2780 sed
350 2719 445 2782 etiam
469 2717 555 2782 credi
576 2716 703 2784 uolebat’
728 2720 762 2780 et
785 2714 896 2781 multis
929 2714 1014 2799 aliis,
1046 2733 1128 2797 quae
1155 2715 1307 2780 lubenter
1334 2732 1424 2795 exag-

354 2996 376 3064 1)
395 2995 467 3050 Plut.
485 2995 550 3064 Reg.
571 2999 598 3050 et
614 2997 677 3065 imp.
697 2997 821 3065 apophth.
843 2997 927 3069 1871l3
946 3005 971 3054 Χ
989 3001 1052 3052 orat.
1072 2997 1119 3051 rit.
1138 2995 1226 3066 842D;
1250 2996 1324 3064 Diog.
1343 2995 1422 3048 Laeni.

262 3083 310 3151 VI,
329 3084 380 3153 2,6.
393 3085 470 3152 ,quod
487 3085 579 3138 fictum
601 3100 661 3139 esse
680 3085 799 3152 uidetur,
818 3085 910 3154 Polyb.
930 3089 991 3149 ΧΠ,
1012 3085 1072 3155 11ο;
1090 3084 1215 3139 Dinarch.
1229 3083 1296 3137 κατὰ
1312 3083 1422 3152 Δημοσθ.

264 3174 329 3228 orat.
348 3173 370 3241 I,
389 3173 437 3243 943
456 3172 584 3242 Hyperid.
598 3174 667 3227 κατὰ
681 3175 804 3243 Δημοσθ.
822 3175 914 3243 dragin.
928 3175 997 3228 VIII
1009 3174 1084 3242 (Xl),
1096 3175 1172 3242 cujus
1185 3173 1268 3229 verba
1281 3174 1344 3228 haec
1355 3175 1422 3226 sunt:

262 3253 315 3312 τότ’
334 3257 362 3312 ἐν
379 3261 415 3327 τῷ
433 3258 508 3329 δήμῳ
522 3262 659 3333 συγχωρῶν
679 3260 838 3334 Ἀλεξάνδρῳ
856 3268 902 3315 xci
919 3262 965 3315 rori
982 3263 1044 3318 Διὸς
1061 3263 1164 3314 καὶτοῦ
1182 3259 1348 3316 Ποσειδῶνος
1363 3257 1424 3312 εἶναι

262 3349 286 3399 εἰ
303 3346 430 3416 βούλοιτο,
453 3367 488 3404 ex
507 3350 602 3419 quibus
621 3355 764 3408 certamen
784 3356 826 3406 est
847 3351 1023 3420 colligendum
1043 3351 1226 3405 Alexandrum
1246 3351 1357 3420 jussisse
1379 3347 1421 3402 sibi
1485 3367 1486 3370 ¹

263 3437 366 3505 divinos
389 3438 503 3492 bonores
526 3438 616 3496 tribui:
649 3457 711 3494 nam
734 3455 895 3509 quamquam
919 3439 988 3494 ultro
1011 3439 1207 3494 concionatores
1234 3439 1371 3508 populares
1394 3436 1421 3489 de

263 3526 361 3580 divinis
388 3527 530 3581 honoribus
557 3528 709 3582 Alexandro
741 3529 887 3583 tribuendis
921 3529 1061 3597 rogabant,
1101 3532 1204 3595 tamen,
1246 3528 1367 3596 quoniam
1394 3526 1422 3578 de
1485 3571 1486 3584 .

262 3613 415 3672 Alexandro
432 3616 559 3683 agebatur
576 3620 604 3670 et
621 3632 665 3671 ros
677 3617 785 3671 adeum
803 3617 957 3686 pertinebat,
976 3620 1079 3686 poterat
1092 3616 1287 3671 Demosthenes
1300 3611 1327 3668 εἰ
1342 3613 1423 3684 ,tobia

261 3719 307 3752 ται
324 3698 520 3772 (Ἀλέξανδρος)
543 3703 638 3758 dicere.
674 3705 714 3757 De
738 3704 881 3758 Alexandri
907 3704 1070 3774 simulacris,
1095 3704 1201 3773 templis
1225 3705 1341 3773 arisque.
1363 3717 1424 3772 quae

263 3788 440 3846 Athenienses
458 3790 636 3860 instituerunt,
655 3792 688 3850 cf.
706 3791 834 3860 Hyperid.
854 3789 958 3859 ἕπηάφ.
977 3793 1052 3862 VIII,
1072 3792 1148 3862 (IX).

352 3894 429 3964 ¹)Od.
447 3896 544 3954 Athen.
564 3898 610 3965 VI,
629 3898 752 3966 satum,
771 3898 873 3954 Aelian.
892 3899 925 3955 V.
943 3899 978 3954 Η.
997 3899 1030 3967 V,
1051 3901 1093 3957 12.

352 4000 431 4071 eof.
448 4005 545 4059 Aaou
565 4003 597 4071 u,
616 4002 730 4071 aaroni
754 4006 781 4057 ee
807 4003 869 4060 reru
888 4003 1015 4074 343333,
1044 4004 1159 4060 Paean.
1185 4004 1232 4072 vr,
1252 4006 1327 4075 11,1;
1355 4001 1421 4069 unu,

262 4089 389 4160 a2,1;0f.
408 4091 486 4144 enam
505 4090 589 4146 seat.
609 4090 686 4160 xiv,
705 4091 810 4160 eluar.
