3008 4614
636 93 677 160 97

84 285 150 352 dare
187 285 330 354 voluisse
367 287 438 369 ipse
476 287 664 355 Alexander
703 287 833 370 scripsit
870 291 904 354 in
942 289 1097 372 epistula,
1142 308 1238 370 quem

84 391 201 477 supral)
226 393 333 460 attuli.

160 516 319 600 Quoniam
341 517 422 584 mihi
445 517 479 584 in
503 518 610 584 animo
635 525 773 586 estnon
796 519 900 586 solum
924 520 964 588 de
986 519 1173 588 Alexandri
1196 522 1240 588 ad

83 623 215 690 Dareum
254 625 333 690 data
363 623 521 710 epistula,
557 625 617 692 sed
649 623 748 690 etiam
784 626 824 691 de
864 624 1015 708 epistulis
1056 627 1159 694 Darei
1196 628 1239 693 ad

83 728 297 796 Alexandrum
321 734 355 796 et
378 731 419 796 de
441 729 679 814 legationibus,
709 749 790 812 quas
821 750 919 815 reges
942 731 1030 798 inter
1053 751 1088 799 se
1111 732 1239 799 misisse

83 837 261 916 traduntur,
295 837 477 920 disputare,
508 836 598 903 illam
628 837 809 904 Alexandri
833 837 1006 920 epistulam
1029 840 1074 905 ad
1095 841 1239 906 Dareum

84 941 199 1024 latam,
237 960 331 1022 quam
366 941 529 1009 Arrianus
564 943 655 1028 lI,14
689 941 797 1029 affert,
833 962 874 1010 ne
910 943 1164 1026 disputationem
1199 947 1239 1012 de

83 1048 220 1130 epistulis
248 1048 431 1117 Alexandri
457 1050 500 1115 ad
522 1049 605 1116 alios
629 1049 715 1117 datis
738 1049 887 1133 longiore
911 1049 1115 1133 digressione
1138 1051 1239 1118 inter-

82 1173 228 1236 rumpam,
260 1155 349 1221 inira
379 1152 524 1222 afferam.
582 1158 677 1223 Nune
709 1155 867 1239 expositis
894 1157 1052 1224 hactenus
1080 1157 1236 1240 epistulis,

83 1279 157 1342 quae
180 1262 268 1344 apud
289 1261 465 1328 Arrianum
488 1263 651 1349 leguntur,
676 1264 718 1330 ad
741 1263 885 1344 reliquas
909 1263 1067 1346 epistulas
1094 1283 1237 1348 pergam,

83 1386 156 1448 quas
179 1367 236 1434 alii
260 1368 438 1451 scriptores
462 1369 609 1435 tradunt.

161 1490 345 1557 Alexandri
375 1491 419 1558 ad
447 1491 661 1575 Antipatrum
693 1492 866 1576 epistulam
890 1493 1029 1577 legImus
1052 1496 1140 1578 apud
1162 1496 1239 1562 Dio-

83 1598 186 1664 dorum
210 1598 338 1671 XVIII,
363 1595 418 1678 8,4

233 1773 417 1857 γεγράφαμεν
439 1776 470 1838 δὲ
491 1775 667 1857 Ἀντιπάτρῳ
694 1779 760 1853 περὶ
789 1773 910 1850 τούτων,
942 1773 1021 1848 ὅπως
1042 1776 1095 1848 τὰς
1116 1776 1156 1858 μὴ
1177 1785 1240 1860 βον-

233 1886 430 1963 λσμέναςτῶν
452 1881 563 1946 πόλεων
585 1881 718 1965 κατάγειν
741 1883 899 1966 ἀναγκάσῃ,

81 2059 180 2144 Hujus
209 2060 368 2144 epletulae
398 2061 518 2128 mentio
543 2061 632 2128 faeta
656 2065 707 2128 est
728 2062 763 2127 in
786 2060 970 2128 Alexandri
993 2061 1099 2129 edicto
1124 2064 1164 2129 de
1187 2083 1240 2131 ex-

82 2166 197 2233 sulibus
220 2167 434 2234 restituendis
458 2167 589 2250 scripto,
616 2169 656 2234 de
680 2187 742 2249 quo
766 2167 897 2254 supra2)
921 2167 1096 2250 disputavi.

161 2292 246 2358 Dum
270 2291 458 2358 Alexander
479 2289 512 2356 iu
538 2290 633 2356 India
656 2292 760 2371 abest,
785 2290 878 2357 multi
903 2292 1001 2358 duoes
1024 2296 1240 2376 satrapasque

81 2395 207 2479 injurias
230 2400 264 2465 in
288 2414 323 2464 se
347 2397 590 2484 admiserunt,³)
614 2416 698 2479 quae
723 2416 794 2463 eum
818 2397 848 2464 ei
871 2416 912 2463 ex
935 2397 1031 2465 India
1053 2395 1240 2468 revertenti

81 2506 244 2572 nuntiatae
267 2510 386 2587 essent,
411 2503 468 2570 alii
491 2504 623 2571 multati
646 2510 731 2586 sunt,
756 2503 871 2570 aliine
888 2523 1010 2588 poenas
1027 2505 1155 2588 darent,
1181 2511 1238 2571 eut

82 2628 146 2676 oum
181 2609 409 2692 mercenariis,
446 2609 560 2691 quibus
584 2616 777 2694 praeerant,
813 2611 856 2676 ab
880 2629 918 2677 eo
943 2609 1145 2695 defecerunt,
1182 2616 1240 2678 aut

82 2714 214 2784 collecta
235 2717 377 2816 pecunia
399 2716 608 2800 aufugerunt,
634 2736 698 2798 qna
730 2734 767 2782 re
791 2717 923 2800 cognita
953 2717 1142 2784 Alexander
1174 2717 1240 2800 epi-

82 2824 180 2890 stulas
204 2826 251 2918 ed¹
271 2843 327 2891 eos
344 2825 433 2892 dedat
450 2841 491 2889 ex
506 2825 587 2891 urbe
604 2823 783 2892 Salmunte.
830 2822 965 2908 Diodor,
989 2824 1106 2910 XVII,
1132 2822 1238 2904 1063.

233 3011 325 3063 ταῦτα
348 3002 379 3063 al
394 2997 612 3076 πυνθανόμενος
629 3001 644 3062 ὁ
657 2998 792 3082 βασιλεὺς
807 2997 880 3081 πρὸς
896 2998 1007 3072 πάντας
1020 2998 1087 3072 τοὺς
1101 2999 1176 3063 κατά
1189 2999 1240 3082 τὴν

227 3108 330 3170 Ἀσίαν
341 3105 515 3189 στρατηγοὺς
525 3111 573 3168 καὶ
586 3107 740 3188 σατράπας
752 3105 887 3188 ἔγραψεν,
904 3104 1020 3169 ἐπειδάν
1035 3108 1179 3188 άναγνῶσι
1190 3106 1241 3187 τὴν

234 3212 394 3294 ἐπιστολήν,
421 3224 598 3297 παραχρῆμα
625 3213 735 3284 πάντας
763 3211 829 3285 τοὺς
855 3212 1059 3294 μισθοφόρους
1082 3215 1240 3277 ἀπολῦσαι.

163 3393 327 3460 Diodorus
350 3391 478 3475 XVIII,
503 3390 523 3457 4
545 3391 649 3457 tradit
665 3391 835 3458 Draterum
850 3392 893 3457 ab
910 3391 1096 3458 Alexandro
1112 3393 1240 3476 jussum

22 3565 23 3572 ς
84 3514 149 3566 esse
180 3501 337 3566 mandata
373 3499 533 3579 quaedam
566 3497 714 3582 exsequi,
751 3517 834 3579 quae
869 3503 960 3565 terte
994 3517 1058 3564 non
1092 3502 1167 3564 sunt
1204 3496 1239 3563 in

22 3599 23 3686 j
84 3604 225 3687 epistulIs
258 3607 420 3688 ponenda,
456 3606 514 3673 sed
549 3603 699 3686 quoniam
729 3610 788 3672 aut
815 3623 913 3672 manu
935 3611 993 3671 aut
1014 3603 1144 3672 nomine
1167 3606 1239 3689 ejus

22 3719 24 3794 l
83 3715 201 3796 scripte
224 3723 330 3797 erant,
353 3711 573 3794 praetermitti
595 3730 660 3778 non
684 3712 814 3778 debent.

165 4001 340 4118 Dpfflm

167 4137 245 4207 ³)De
263 4153 293 4192 re
311 4137 345 4194 ef.
363 4136 468 4190 Arriani
486 4135 546 4205 Vll,
565 4136 607 4205 4,1
628 4150 685 4204 sqq.
