3016 4612
802 135 844 196 14

238 325 417 409 pressisse;
442 326 535 407 cnjus
567 323 768 390 narrationis
801 328 916 388 auctor
949 324 1077 404 quidem
1112 339 1175 388 non
1206 327 1315 407 patet,
1357 323 1427 388 sed

238 429 320 496 talia
349 430 419 496 siue
450 429 548 496 dubio
577 431 617 495 ab
647 448 685 494 eo
710 429 835 494 tradita
860 433 973 511 erant,
1005 428 1060 509 qui
1083 428 1204 495 multas
1227 427 1427 495 Alexandri
1500 507 1501 512 γ

239 537 398 622 epistulas
433 534 572 605 viderat.
618 537 747 602 Eadem
783 536 848 602 dici
884 543 1023 619 possunt
1057 538 1099 602 de
1128 536 1301 601 Plutarchi
1324 533 1424 619 (vit.
1500 513 1501 539 ¹

238 644 337 710 Phoc.
362 644 471 722 XVII,
496 643 530 729 6)
553 663 654 709 narra
669 643 754 725 ione,
780 643 872 727 cujus
896 649 1010 708 auctor
1033 641 1158 708 (thares
1181 647 1241 709 est.

327 751 440 830 Neque
463 767 543 816 vero
568 768 649 832 opus
672 756 746 815 erat
768 747 968 832 argumentis
990 766 1059 814 rem
1076 748 1299 831 comprobare,
1324 765 1422 826 quae

239 873 298 938 per
330 874 365 921 se
395 863 496 940 patet.
549 857 632 921 Nam
663 857 734 936 quis
766 863 831 934 est,
866 855 920 935 qui
951 853 1081 920 dubitet
1112 853 1190 934 quin
1219 853 1422 919 Alexander

239 961 406 1027 sodahbus
440 960 664 1029 enuntiaverit
695 961 772 1042 quid
804 961 838 1027 in
869 959 1016 1044 epistulis
1048 963 1089 1026 ab
1113 959 1291 1042 Antipatro
1320 959 1419 1024 datis

239 1067 395 1150 scriptum
421 1073 517 1150 esset,
541 1067 738 1151 praesertim
764 1067 791 1132 si
815 1068 855 1133 de
879 1072 1095 1132 staturarum
1113 1064 1326 1132 Macedoniae
1352 1071 1420 1129 aut
1501 1061 1502 1068 ’

240 1173 403 1239 Graeciae
427 1179 596 1256 ageretur,
626 1173 660 1239 id
684 1174 769 1253 quod
791 1191 856 1239 non
880 1174 911 1239 si
935 1172 1012 1254 soli,
1037 1173 1094 1240 sed
1118 1171 1217 1237 etiam
1241 1170 1416 1237 sodalibus

239 1297 337 1344 curae
368 1285 458 1361 erat,
505 1284 563 1344 aut
596 1278 754 1362 epistulas
786 1278 888 1343 Darei
931 1297 989 1362 pro
1021 1277 1175 1344 concione
1205 1275 1413 1358 recitaverit,

239 1385 415 1465 quodnisi
446 1384 593 1461 lecisset,
626 1405 698 1452 cnm
727 1385 893 1450 sodalibus
925 1385 964 1450 de
993 1382 1160 1468 promissis
1183 1381 1287 1449 Darei
1310 1389 1343 1448 et
1370 1384 1415 1447 de

237 1509 320 1574 pace
343 1509 412 1556 cum
438 1509 475 1554 eo
501 1491 723 1574 componenda
749 1491 934 1556 deliberare
957 1509 1022 1556 nou
1045 1494 1185 1572 poterat.
1226 1488 1318 1570 Quae
1335 1506 1412 1553 cum

237 1597 286 1661 ita
316 1597 398 1675 sint,
431 1585 569 1679 apparet
597 1615 662 1662 non
692 1598 795 1661 solum
822 1597 1000 1662 Eumenem
1028 1597 1236 1678 γραμμανναῑ)
1267 1601 1302 1660 et
1326 1595 1412 1661 (lha-

238 1699 376 1786 retern2)
402 1705 583 1782 εἰσαγγελία,
614 1704 793 1768 sedetiam
818 1708 945 1768 ceteros
969 1701 1099 1767 sodales
1122 1700 1320 1782 Alexandri,
1352 1700 1413 1781 qui

237 1826 292 1873 res
316 1807 387 1891 ejus
411 1817 522 1889 gestas
546 1827 703 1874 enarrare
727 1810 870 1874 animum
893 1807 1103 1886 induxerant,
1129 1807 1301 1890 epistulas
1326 1825 1413 1887 quas

237 1914 428 1980 Alexander
452 1914 543 1979 dedit
566 1923 600 1978 et
623 1913 763 1997 accepit,
787 1925 958 1997 promptas
981 1915 1144 1979 habuisse.

326 2020 419 2086 Nunc
443 2019 612 2100 quaeritur
633 2027 742 2086 utrum
762 2020 850 2100 ipsas
867 2020 1024 2101 epistulas
1046 2019 1081 2084 in
1105 2038 1195 2085 usum
1219 2036 1311 2084 suum
1335 2037 1411 2083 ver-

237 2125 340 2192 tarint
349 2126 397 2190 illi
407 2125 594 2208 scriptores,
608 2124 744 2191 anlama
761 2134 794 2190 et
805 2124 982 2208 auditione,
994 2134 1031 2190 ut
1043 2125 1092 2191 ait
1102 2122 1411 2210 Westermannus,³)

239 2232 322 2297 talia
345 2232 533 2315 acceperint
556 2234 808 2311 memoriamque
832 2237 946 2314 postea
956 2233 1082 2298 demum
1094 2230 1408 2314 redintegraverint.

328 2341 489 2404 Arrianus
528 2337 561 2402 in
601 2339 764 2418 prooemio
805 2338 883 2405 dicit
929 2357 964 2404 se
1002 2339 1190 2404 Ptolemaeo
1229 2337 1408 2420 praecipue

238 2442 490 2524 Aristobuloque
513 2444 609 2510 fidem
631 2447 752 2510 habere
769 2445 852 2524 quod
869 2451 943 2526 post
959 2443 1141 2510 Alexandri
1156 2451 1294 2510 mortem
1307 2442 1407 2524 scrip-

239 2550 355 2634 serint,
392 2552 478 2616 unde
512 2550 706 2631 intelligitur
740 2551 859 2636 alios4)
895 2551 971 2616 vivo
1001 2552 1188 2616 Alexandro
1224 2550 1406 2631 scripsisse.
1446 2635 1449 2640 1

239 2655 302 2721 Sed
327 2657 425 2722 etiam
448 2657 531 2738 illos,
557 2657 612 2738 qui
642 2664 716 2738 post
739 2656 922 2722 Alexandri
948 2665 1085 2723 mortem
1113 2675 1167 2722 res
1196 2657 1267 2739 ejus
1296 2663 1407 2738 gestas

238 2771 466 2841 narraverunt,
507 2763 730 2828 Ptolemaeum
763 2763 835 2828 dico
872 2771 905 2828 et
928 2763 1163 2841 Aristobulum,
1203 2763 1291 2827 inter
1317 2761 1424 2842 ipsos

237 2867 316 2934 belli
340 2868 496 2949 strepitus
527 2869 697 2934 materiem
735 2869 892 2935 historiae
931 2868 1123 2934 scribendae
1163 2867 1333 2948 collegisse
1371 2868 1404 2934 in

238 2978 390 3054 promptu
415 2983 475 3038 est.
522 2975 571 3039 De
594 2972 785 3040 Aristobulo
809 2965 939 3054 quidem
963 2974 1160 3060 Lucienus⁵)
1185 2975 1270 3039 haec
1286 2973 1403 3038 tradit:

236 3075 332 3157 ὥσπερ
350 3079 570 3159 Ἀριστόβουλος
595 3087 772 3161 μονομαχίαν
795 3080 911 3160 γράψας
929 3078 1118 3160 Ἀλεξάνδρου
1145 3084 1194 3140 καὶ
1218 3078 1328 3158 Πώρου
1358 3085 1405 3139 καὶ
1504 3105 1505 3122 ¹

238 3182 407 3263 ἀναγνόντος
429 3186 612 3262 cirritaniae
635 3184 761 3262 μάλιστα
780 3183 814 3246 τὸ
837 3188 940 3267 propior
960 3189 1028 3267 nuh,
1054 3206 1095 3251 ex
1111 3204 1173 3266 qllo
1198 3188 1404 3267 perspicuum

327 3361 347 3430 1)
365 3360 523 3413 Plutarchus
540 3359 587 3416 vit.
607 3361 683 3416 Eum.
703 3361 725 3413 I.
743 3365 820 3415 vocat
839 3378 899 3414 eum
920 3358 1141 3432 ἀρχιγραμματέο.

327 3449 347 3517 ²)
366 3450 406 3503 De
426 3449 536 3502 Charete
556 3447 716 3519 Mytilenaeo
735 3450 769 3504 ci.
789 3449 867 3502 Goier
885 3448 961 3504 Alex.
981 3449 1016 3502 M.
1036 3449 1096 3502 hist.
1117 3452 1205 3519 script.
1231 3468 1256 3520 p.
1275 3449 1328 3505 290
1348 3465 1402 3518 sqq.

237 3541 264 3591 et
281 3537 366 3606 Haug,
385 3537 435 3590 Die
455 3535 566 3602 Quallen
580 3537 722 3591 Plutarchs
741 3537 766 3590 in
787 3538 839 3590 den
853 3537 1187 3606 Lebensbeschreibungen
1205 3540 1251 3592 der
1265 3539 1401 3592 Griechan.

236 3627 371 3694 itihingen
392 3625 469 3682 1854.
488 3643 514 3694 p.
533 3626 575 3680 66.

326 3713 346 3779 ⁸)
364 3715 432 3768 Vide
450 3730 531 3784 supra
549 3732 574 3783 p.
588 3717 613 3783 5,

324 3805 345 3874 ⁴)
363 3805 404 3859 De
422 3806 569 3859 Onesicrito
594 3806 628 3858 ci.
649 3806 754 3859 Luciam.
773 3805 829 3860 πῶς
847 3801 888 3856 δεῖ
905 3799 1021 3872 ἱστορίαν
1039 3806 1197 3876 συγγράφειν
1215 3821 1237 3858 c.
1257 3805 1300 3873 40,
1319 3805 1361 3860 54.

325 3894 345 3963 ⁶)
363 3895 471 3950 Lucien.
490 3894 551 3947 ibid.
570 3894 936 3963 012‚16sq.nrist0bulum
955 3910 1016 3947 oum
1035 3893 1181 3948 Onesicrito
1206 3895 1256 3947 hoc
1279 3892 1334 3946 loco
1359 3897 1402 3946 aut

235 3999 251 4035 a
263 3982 378 4036 Lucieno
392 3983 448 4050 ipso
470 3986 515 4035 aut
527 3999 543 4036 a
554 3982 668 4035 librariis
687 3983 824 4035 contusum
845 3998 904 4036 esse
924 3982 1086 4036 existimavit
1099 3983 1136 4037 St
1151 3983 1230 4037 Croix
1244 3982 1306 4035 ibid.
1319 3999 1346 4050 p.
1360 3984 1399 4035 43.

235 4087 313 4140 quam
333 4070 430 4122 refellit
449 4071 559 4123 Geierus
578 4069 669 4138 (Alex.
688 4070 722 4123 hl.
742 4071 802 4126 hist.
821 4071 910 4138 script.
923 4088 949 4139 p.
968 4071 1021 4138 28.)
1041 4071 1086 4139 qui
1099 4071 1259 4125 Schmiederi
1274 4071 1399 4135 (Prasiai.
1454 4097 1458 4104 ·

236 4160 277 4212 ad.
295 4157 399 4211 Arrian.
417 4157 518 4225 Exped.
532 4157 610 4210 Alex.
630 4175 654 4225 p.
674 4158 779 4226 XXIV)
798 4159 978 4227 conjecturam
996 4159 1124 4227 probarit.
