3008 4614
585 105 796 208 ..Iu-

108 303 297 370 Alexander
318 300 353 368 in
377 300 489 369 Asiam
512 301 680 385 proiectus
704 309 764 385 est,
795 302 909 384 scripti
931 322 1004 371 esse
1026 304 1187 385 videntur,
1211 325 1272 388 per

19 461 20 470 ,
109 409 283 491 epistulam
315 413 405 474 certe
428 409 616 475 Alexander
649 413 898 492 praeceptorem
932 429 1025 477 suum
1059 411 1200 497 rogavit,
1235 416 1273 478 ut

108 514 181 582 illos
196 513 298 581 libros
321 513 385 581 sibi
399 514 555 582 mitteret.
600 517 790 582 Ammonius
813 520 922 582 autem
946 535 1011 584 non
1026 515 1130 600 ipsam
1154 521 1272 602 epistu-

107 623 174 688 lam
197 621 353 704 inspexit,
378 621 436 688 sed
461 639 501 687 ea
523 620 634 703 tradit,
660 639 743 702 quae
766 621 800 687 in
822 621 905 688 libro
930 625 1069 704 quodem
1091 625 1183 709 legit.
1240 607 1244 616 ’

196 745 395 829 Philoponus
425 743 616 832 (Oomment
644 745 678 811 in
702 747 891 814 Aristotelis
924 749 1090 818 meteorol.
1113 749 1140 832 I,
1163 753 1185 816 4
1209 750 1272 818 vol.

109 855 135 933 Ι,
159 875 190 938 p.
216 851 280 918 142
304 854 353 919 ed.
378 851 502 936 ldeler)
526 852 621 919 dicit:

268 985 393 1068 Λέγουσι
424 987 455 1049 di
477 989 526 1047 acl
553 985 740 1068 Ἀλέξανδρον
762 986 792 1060 ἐξ
812 987 907 1050 ’lodoin
925 987 1117 1070 Ἀριστοτέλει
1149 987 1272 1071 γράψαι,

268 1097 305 1164 ὡς
337 1093 431 1174 ἕτεροί
451 1115 542 1172 φασιν
574 1098 605 1154 ἐκ
627 1095 808 1174 Βαβυλῶνος,
839 1097 875 1165 ὡς
906 1099 954 1156 καὶ
984 1101 1013 1158 οἱ
1033 1101 1162 1158 ἐνταῦθα
1186 1100 1273 1177 σοφοὶ

269 1196 400 1280 σώματος
424 1197 521 1280 ἐτέρου
544 1205 635 1280 φασὶν
657 1198 729 1262 εἶναι
752 1199 802 1262 τὸν
824 1201 952 1284 οὐρανόν.

110 1335 311 1418 Philoponus
343 1353 407 1401 non
430 1333 534 1417 ipsam
563 1333 735 1416 epistulam
767 1340 844 1402 ante
873 1338 981 1403 oculos
1008 1336 1120 1420 habet,
1152 1338 1210 1403 sed
1233 1355 1273 1402 ea

110 1442 221 1525 tradit,
247 1460 330 1524 quae
346 1440 433 1524 apud
449 1440 640 1523 scriptorem
657 1443 818 1522 quendam
838 1441 1030 1526 posteriorIs
1046 1445 1165 1510 aetatis
1180 1442 1272 1526 legit.

111 1549 174 1616 Sed
197 1568 272 1616 cum
293 1547 527 1627 Alexandrum,
551 1552 589 1613 ut
612 1565 710 1628 supra
720 1546 744 1636 ¹)
768 1547 843 1630 dixi,
867 1557 941 1632 post
957 1548 1167 1617 Callisthenis
1189 1570 1273 1617 mor·
1303 1620 1304 1624 ,

110 1661 176 1723 tem
211 1656 254 1722 ad
286 1655 497 1722 Aristotelem
531 1651 701 1736 scripsisse
730 1654 885 1720 credibile
919 1655 1069 1739 nonsit,
1106 1675 1147 1722 ex
1177 1657 1274 1724 India

111 1763 201 1830 illum
230 1767 286 1828 ant
307 1761 480 1843 Babylone
510 1759 690 1842 epistulam,
723 1779 787 1841 qua
810 1780 896 1855 cum,
910 1761 1090 1830 Aristotele
1120 1763 1273 1830 Indorum

113 1871 151 1935 de
175 1869 266 1936 coelo
291 1866 459 1950 opiniones
484 1866 746 1953 communicaret,
770 1885 834 1932 non
858 1866 988 1935 dedisse
1010 1874 1158 1952 apparet.

199 1993 297 2075 Apud
319 1991 501 2074 Diogenem
523 1990 692 2057 Laertium
717 1991 773 2071 VI,
799 1991 852 2074 2,6
875 1992 1028 2076 legimus:

264 2121 453 2205 Ἀλεξάνδρου
476 2125 546 2186 ποτὲ
568 2130 739 2204 πέμψαντος
761 2121 912 2206 ἐπιστολὴν
934 2124 1007 2207 πρὸς
1023 2127 1212 2209 Ἀντίπατρον
1235 2135 1275 2202 εἰς

269 2226 395 2301 Ἀθήνας
426 2225 475 2292 διά
506 2251 581 2302 τινος
598 2230 726 2304 Ἀθλίου,
759 2229 858 2312 παρὼν
880 2233 1041 2321 (Διογένης)
1071 2232 1135 2314 ἔφη·
1171 2231 1275 2310 ἅθλιος

270 2339 338 2421 παρ’
363 2337 472 2400 ἀθλίου
493 2337 527 2398 δι’
554 2337 661 2400 ἀθλίου
683 2336 756 2419 πρὸς
778 2334 892 2404 ἄθλιον.

113 2471 204 2539 Haec
238 2472 315 2538 fieta
342 2477 417 2539 sunt
450 2489 487 2539 eo
519 2471 661 2543 consilio,
696 2477 733 2537 ut
762 2477 796 2537 et
818 2472 1008 2538 Alexander
1042 2478 1076 2538 et
1098 2476 1275 2558 Antipater

113 2576 223 2646 miseri
246 2579 527 2662 compellarentur.
574 2578 639 2644 Sed
663 2577 816 2658 quamdiu
840 2573 1026 2644 Alexander
1048 2579 1083 2644 in
1098 2580 1179 2646 Asia
1203 2586 1277 2647 erat

114 2685 321 2768 Antipatrum
357 2685 494 2751 Athenis
528 2689 688 2750 moratum
723 2702 794 2752 esse
829 2691 886 2752 aut
920 2686 1079 2752 hominem
1114 2687 1276 2768 quendem

113 2899 328 2968 philosophorum
346 2897 512 2965 bibliotheca,
531 2897 558 2948 in
576 2912 628 2966 quo
646 2896 679 2950 de
698 2911 779 2964 regno
797 2895 856 2950 libri
866 2899 908 2954 VI
925 2897 1050 2952 mendose
1069 2913 1276 2952 commemoran-

113 2991 165 3043 tur.
201 2987 273 3042 Iibn‘
300 2987 332 3041 de
359 3001 440 3054 regno
466 2985 628 3039 mentionem
646 2985 709 3038 facit
734 2984 812 3039 etiam
831 2985 984 3042 Athenaeus
1011 2989 1034 3054 I,
1062 2983 1127 3054 5,3f
1143 2987 1170 3040 et
1188 2985 1277 3040 (licere

113 3078 145 3130 ad
163 3078 218 3130 Att.
246 3078 311 3145 XII,
338 3075 400 3144 toa
428 3076 455 3128 et
473 3074 506 3129 ad
524 3075 579 3130 Att.
597 3076 678 3142 XIII,
706 3072 775 3143 283.
812 3073 937 3142 Ejusdem
954 3073 1013 3127 libri
1030 3074 1130 3128 mentio
1148 3075 1219 3128 facta
1237 3076 1277 3128 est

113 3166 140 3218 in
158 3164 307 3218 AristoteIIs
326 3164 381 3218 vite
399 3179 414 3218 e
432 3162 519 3217 codice
537 3162 670 3216 Marciano
697 3178 723 3230 p.
743 3164 759 3216 5
779 3162 820 3215 ed.
838 3162 929 3216 Robbe
957 3165 984 3217 et
1011 3162 1039 3216 in
1057 3166 1110 3221 vet.
1130 3163 1187 3217 Lat.
1208 3179 1276 3221 vers.

114 3271 138 3324 p.
158 3253 192 3308 13
211 3254 251 3307 ed.
269 3252 360 3307 Robbe
380 3251 452 3306 etia
470 3251 578 3306 Aristot.
598 3250 653 3305 rita
671 3249 971 3318 Pseudo-Ammoniace,
992 3250 1025 3304 de
1049 3250 1144 3320 quibus
1163 3252 1224 3306 vitis
1242 3253 1275 3306 el.

114 3344 146 3396 A.
158 3342 252 3411 Busae,
262 3341 376 3396 Hermes
394 3343 518 3400 XXVIII
535 3359 561 3412 p.
580 3341 632 3396 252
651 3355 707 3408 sqq.
727 3339 799 3392 libri
816 3338 881 3411 ὑπὲρ
894 3337 1009 3392 ἀποίκων
1027 3356 1061 3394 ne
1073 3355 1157 3393 unum
1171 3341 1277 3410 quidem

113 3431 223 3486 verbum
242 3433 427 3485 conservatum
446 3445 505 3483 esse
523 3429 635 3484 videtur.
671 3429 714 3482 le
733 3428 798 3482 libro
816 3432 875 3500 περὶ
893 3426 1026 3498 βασιλείας
1043 3429 1198 3498 deprompta
1215 3433 1278 3484 sunt

114 3535 154 3590 ea,
188 3535 255 3588 quae
273 3519 399 3588 leguntur
424 3518 495 3587 apud
513 3517 668 3572 Strabonem
686 3519 709 3587 I,
739 3519 801 3587 66,9
829 3519 856 3572 et
873 3517 1045 3572 Plutarchum
1061 3518 1102 3571 lle
1120 3516 1198 3574 Alex.
1216 3518 1276 3574 fort

114 3610 159 3661 aut
176 3608 236 3664 virt.
254 3623 292 3662 or.
313 3611 336 3678 I,
355 3607 440 3664 329⁸.
477 3607 529 3661 Hic
546 3606 614 3661 liber
631 3623 685 3661 non
704 3609 745 3661 est
762 3606 833 3660 idem
851 3609 930 3675 atque
950 3606 1070 3676 epistula,
1090 3621 1157 3676 quae
1177 3612 1219 3662 est
1235 3607 1276 3660 in-

115 3696 221 3766 scripta:
240 3696 361 3766 Epistula
378 3695 527 3750 Aristotelis
546 3695 769 3750 adAlexandrum
788 3696 821 3749 de
838 3695 973 3765 regimine,
993 3696 1025 3750 de
1044 3712 1096 3764 qua
1114 3697 1147 3751 ci.
1158 3695 1277 3768 Lippert,

114 3785 153 3840 Ile
167 3785 279 3855 epistula
292 3784 557 3840 PseudoarIstotelica
573 3789 632 3856 περὶ
650 3783 784 3854 βασιλείας
795 3785 865 3840 Dias.
885 3786 971 3854 iuaug.
988 3783 1044 3840 Hal.
1060 3785 1143 3852 18913
1161 3785 1276 3842 DresseL

115 3873 208 3930 Philol.
236 3878 304 3933 XVI
326 3874 421 3944 (1861)
448 3891 473 3944 p.
502 3873 1030 3944 3531111111,1111111111111,
1057 3874 1150 3944 (1892)
1174 3891 1199 3943 p.
1226 3874 1275 3929 161

116 3963 203 4020 (1.177
222 3979 293 4033 sqq.;
312 3980 338 4016 v.
358 3962 384 4019 S.
409 3963 524 4018 Oesterr.
553 3962 665 4017 Monats.
685 3964 730 4016 iiir
755 3964 806 4017 den
835 3962 935 4016 Orient.
972 3963 1060 4020 Wien.
1096 3963 1170 4018 Illita
1200 3961 1277 4019 1892.

115 4052 160 4106 llr.
178 4053 195 4106 3
213 4068 239 4121 p.
257 4053 291 4109 47
311 4067 351 4121 sq.
384 4051 473 4107 Brunc
492 4051 560 4122 Keil,
578 4051 632 4112 Die,
647 4051 733 4108 Solon.
752 4051 924 4120 Verlassung.
962 4052 1161 4122 1892‚p.139.

202 4159 437 4228 bamam
