3016 4612
795 163 837 230 62

236 367 356 436 autem,
388 360 473 441 quod
496 361 635 443 epistula
660 379 732 426 cum
755 361 945 427 Ptolemaeo
976 359 1143 443 discrepat
1166 361 1266 426 etiam
1288 378 1403 428 veram

237 484 310 532 eam
326 484 399 532 esse
414 465 660 547 intelligendum
677 473 742 532 est:
766 465 922 533 falsarius
945 467 1041 550 enim,
1066 466 1121 546 qni
1137 466 1245 532 omnia
1267 468 1340 534 iere
1363 469 1401 532 ad

236 574 383 654 verbum,
407 582 444 637 ut
467 574 515 639 ait
531 572 713 652 Kaerstius,
739 591 780 638 ex
795 572 978 640 Ptolemaei
993 573 1076 639 libro
1095 573 1279 657 descripsit,
1306 574 1403 639 etiam

235 696 401 760 numeroS,
434 698 476 746 ne
506 679 597 745 fraus
631 681 851 763 detegeretur,
876 679 1117 760 descripturum
1147 678 1250 747 inisse
1272 697 1405 746 consen-

235 787 368 850 taneum
392 790 451 850 est.
498 785 555 852 Sin
578 791 698 868 autem,
730 804 771 852 ne
795 785 961 853 videretur
985 784 1093 851 omnia
1123 787 1168 852 ad
1189 788 1329 854 verbum
1354 788 1406 851 de-

236 891 420 975 scripsisse,
446 892 594 958 consulto
624 891 707 958 alios
731 899 830 973 atque
853 892 1062 959 Ptolemaeus
1086 910 1239 959 numeros
1270 892 1404 958 tradere

234 997 349 1080 voluit,
382 1005 512 1081 poterat
536 1007 625 1065 certe
649 1016 721 1064 cum
749 999 824 1065 aliis
848 997 1063 1081 scriptoribus
1086 1016 1286 1082 congruere:
1319 1005 1405 1065 teste

235 1104 321 1170 enim
337 1105 477 1172 Arriano
500 1105 553 1191 (V,
580 1106 631 1181 14,
649 1105 683 1192 3)
706 1105 919 1172 Aristobulus
942 1104 1120 1188 scripserat
1135 1105 1215 1172 Pori
1237 1106 1341 1174 filium
1365 1105 1405 1170 ad

235 1211 299 1277 LX
322 1231 435 1278 currus
464 1230 574 1278 secum
598 1212 738 1294 dumsse,
773 1213 830 1278 sed
854 1211 1020 1292 equitatus
1051 1212 1173 1279 nullam
1205 1212 1404 1278 mentionem

235 1317 380 1384 iecerat:
399 1318 455 1384 alii
473 1317 627 1385 dixerant
642 1318 719 1384 Pori
735 1318 836 1384 filium
853 1336 926 1384 cum
942 1317 1065 1399 majore
1080 1336 1177 1385 manu
1192 1320 1404 1386 adventasse.
1485 1337 1486 1402 ζ

237 1425 367 1491 Curtius
391 1425 493 1510 (VIII,
517 1425 611 1507 XIV,
636 1422 692 1511 47)
716 1443 780 1491 non
804 1423 915 1506 filium,
939 1426 998 1490 sed
1020 1424 1158 1491 tratrem
1181 1425 1260 1492 Pori
1283 1425 1404 1492 cnmC

236 1532 404 1614 quadrigis
433 1545 466 1596 et
493 1533 563 1598 IIII
590 1530 721 1598 milibus
752 1530 897 1612 equitum
928 1550 964 1597 se
995 1531 1182 1597 Alexandro
1212 1531 1403 1600 advenienti

236 1638 396 1723 objecisse
420 1637 510 1704 dicit.
557 1641 609 1705 Ex
632 1639 693 1722 his,
719 1656 800 1719 quos
824 1637 901 1718 dixi,
926 1641 1070 1705 numeris
1086 1638 1246 1705 ArrIanus
1270 1638 1326 1723 (V,
1354 1637 1405 1718 14,
1487 1649 1488 1654 ’

237 1746 257 1810 5
275 1745 337 1832 sq.)
352 1745 425 1812 illos
441 1745 603 1829 probavit,
628 1764 708 1828 quos
724 1745 932 1811 Ptolemaeus
949 1743 1147 1828 tradiderat;
1169 1762 1229 1810 nos
1245 1744 1404 1826 epistulae

235 1853 332 1919 fidem
349 1853 518 1919 habemus:
540 1872 616 1918 nam
633 1871 703 1918 cum
721 1854 826 1918 Porus
849 1851 938 1916 haud
954 1869 1106 1933 magnam
1124 1850 1267 1933 equitnm
1292 1867 1404 1916 curru·

236 1967 357 2040 umque
382 1958 624 2025 multitudinem
646 1958 794 2031 haberet.
804 1955 829 2044 1)
854 1965 943 2024 certe
967 1976 1030 2023 non
1053 1964 1183 2040 poterat
1207 1977 1227 2022 a
1249 1955 1405 2023 madidari
1485 1980 1486 1991 ¹

235 2065 442 2132 multitudine
458 2073 526 2131 tam
539 2064 656 2132 multos
670 2066 797 2145 equites
813 2081 992 2144 currusque
1007 2081 1193 2147 segregare,
1210 2064 1402 2145 praesertim

236 2191 306 2238 cum
330 2191 394 2238 non
421 2172 524 2253 ipsum
551 2170 788 2248 Alexandrum,
820 2173 878 2235 sed
902 2180 1029 2252 partam
1054 2172 1216 2251 quandam
1239 2169 1403 2235 exercitus

235 2279 354 2344 flumen
378 2278 519 2345 transtra
543 2277 572 2344 ei
596 2276 778 2343 nuntiatum
804 2277 942 2362 esset²);
966 2295 1070 2357 neque
1087 2295 1199 2343 currus
1223 2278 1292 2342 sine
1317 2275 1405 2357 equi-

236 2387 335 2470 tibus,
360 2393 397 2451 ut
420 2385 467 2450 ait
483 2384 700 2466 Aristobulus‚
724 2401 798 2448 enm
814 2383 940 2450 misisse
956 2390 1210 2450 consentaneum
1227 2389 1287 2450 est
1311 2382 1403 2466 Quae

235 2512 306 2559 cum
333 2494 382 2559 ita
417 2491 492 2571 sint,
528 2491 626 2558 etiam
659 2509 699 2557 ex
729 2508 782 2572 eo,
820 2490 905 2571 quod
937 2491 1077 2574 numeri,
1113 2489 1230 2571 quiin
1262 2487 1418 2571 epistula.

234 2603 397 2683 leguntur,
423 2600 466 2664 ad
482 2597 658 2666 veritatem
674 2597 806 2680 propius
822 2598 993 2677 accedunt,
1018 2596 1214 2678 intelligitur
1230 2595 1402 2678 epistulam

236 2725 308 2771 esse
331 2724 454 2774 veram.

323 2812 389 2878 Sed
412 2811 585 2878 Kaerstius
613 2812 720 2878 altero
743 2811 776 2875 iu
802 2809 916 2896 Iibrcss)
947 2811 1027 2876 dicit
1050 2809 1220 2892 epistulam
1246 2806 1346 2874 etiam
1370 2809 1402 2872 in
1490 2821 1491 2836 ¹

236 2936 273 2984 eo
291 2939 311 2982 a
326 2918 509 2983 Ptolemaei
527 2917 682 2984 memoria
698 2919 898 3000 discrepare,
923 2917 1009 2997 quod
1024 2916 1212 2982 Alexander
1227 2917 1401 2982 secundum
1490 2949 1491 3010 p

233 3025 450 3092 Plutarchum
473 3025 600 3105 equites
624 3023 764 3090 hostIum
789 3043 824 3090 se
848 3041 1062 3106 aggressuros
1079 3038 1150 3088 esse
1175 3021 1325 3103 opinatus
1350 3022 1402 3100 sit,
1490 3037 1491 3044 ¹

235 3131 411 3196 secundum
427 3131 608 3197 Ptolemaei
624 3130 816 3195 memoriam
832 3131 919 3212 apud
934 3131 1114 3197 Arrianum
1125 3135 1291 3196 servatam
1306 3129 1402 3212 hujus

234 3236 283 3301 rei
306 3237 466 3302 rationem
483 3256 548 3304 non
573 3237 740 3318 habuerim
765 3235 897 3300 maximi
920 3243 1029 3302 antem
1045 3235 1199 3302 momenti
1214 3235 1298 3302 illud
1321 3254 1400 3314 esse,
1490 3285 1491 3300 t

236 3345 322 3423 quod
356 3343 565 3410 Ptolomaeus
598 3343 740 3409 dilucide
777 3341 901 3408 dixerit
934 3343 1157 3410 Alexandrum
1193 3351 1402 3424 exspectasse

235 3457 369 3516 cunctas
392 3450 533 3516 hostium
550 3453 660 3532 copias
677 3450 888 3528 adventuras,
913 3468 953 3515 ac
975 3448 1144 3516 falsarium
1161 3449 1333 3531 epistulam
1355 3449 1401 3512 ita

235 3557 461 3641 composuisse,
493 3565 531 3622 nt
553 3556 744 3623 Alexander
767 3555 799 3620 id
824 3557 908 3636 qnod
933 3567 1044 3637 postes
1068 3575 1104 3622 re
1128 3573 1208 3624 vera
1232 3553 1399 3632 acciderit,

234 3664 392 3746 proelium
421 3670 584 3746 equestre,
617 3670 696 3728 ante
725 3681 865 3748 pugnam
899 3661 1105 3727 commissam
1137 3660 1337 3742 cogitatione
1369 3672 1400 3724 et

234 3778 341 3835 mente
365 3770 645 3851 complecteretur.
693 3769 795 3851 Quam
821 3767 949 3849 quidem
974 3767 1158 3850 opinionem
1183 3776 1220 3834 ut
1241 3767 1401 3848 refellam,

324 3947 345 4016 ¹)
365 3946 519 4000 OiDiodor.
532 3945 620 4012 XVII,
639 3945 682 4013 87,
702 3946 731 4011 23
751 3944 823 3999 Curt.
837 3945 912 4014 VIII,
925 3944 1001 4014 XIII,
1021 3945 1068 4015 443
1086 3944 1156 3999 Plut.
1169 3946 1215 4001 vit.
1229 3944 1306 3999 AIex.
1316 3945 1398 3999 LXII.

323 4035 343 4102 ²)
363 4035 402 4089 ct.
421 4040 480 4091 Am.
500 4035 533 4097 V,
553 4035 595 4104 13,
615 4037 645 4105 I,
675 4035 716 4101 15,
741 4035 772 4104 33
796 4036 823 4087 et
842 4033 994 4104 epistulam,
1020 4037 1047 4088 et
1066 4033 1138 4088 Curt.
1157 4033 1231 4101 VIII,
1257 4033 1334 4101 XIII,
1357 4035 1398 4101 47,

234 4125 278 4193 qui
297 4123 359 4177 dicit
377 4123 476 4176 Porum
495 4123 634 4176 credidisse
648 4139 701 4176 non
720 4123 817 4187 hostes,
837 4123 884 4176 sed
895 4123 1047 4176 Abissarem
1063 4121 1124 4176 belli
1137 4123 1236 4177 socium
1250 4123 1400 4176 adventure.

324 4213 346 4281 ⁸)
364 4211 491 4280 Philolog.
511 4212 554 4279 Li,
574 4229 597 4281 p.
617 4213 669 4269 609
688 4227 744 4281 sqq.
