3016 4612
787 111 831 176 34

300 259 518 378 rruureuus'
537 303 609 390 (ve.
624 305 719 372 Alex.
732 305 898 391 xxxix)
910 304 1202 389 scenologiam
1214 305 1407 372 memnon

223 410 416 478 testimonia
439 414 474 476 et
497 410 670 494 epistulam
694 413 763 496 ejus
788 412 831 478 sd
852 411 1048 480 Phocionem
1071 411 1202 479 attulit:

384 519 446 578 Καί
483 519 616 580 Φωκίωνι
649 519 702 596 μὲν
740 515 869 599 ίγριιψιν
907 517 1060 597 ἐπιστολὴν
1088 518 1126 590 ὡς
1161 519 1195 580 οὐ
1225 518 1405 599 χρησόμενος

385 621 463 699 αὐτῷ
484 623 559 700 φίλῳ
582 621 615 685 τὸ
638 620 748 702 λοιιιόν,
774 627 802 684 ιί
821 628 961 686 διωθοῖτο
982 621 1036 694 τὰς
1058 624 1186 705 χάριτας.

125 761 127 768 v
226 727 352 795 lladem
368 726 509 809 epistula
523 729 633 795 verbis
649 728 781 811 paulum
797 729 933 795 mutatis
947 728 1072 812 legitur
1086 729 1120 795 iu
1136 729 1207 797 vita
1222 729 1403 797 Phocionis

226 832 346 900 XVIII
369 831 425 898 ubi
448 833 547 900 etiam
571 851 636 916 qua
660 835 701 901 de
724 853 825 902 causa
841 835 1032 903 Alexander
1045 838 1132 903 hanc
1148 836 1320 916 epistulam
1343 837 1401 903 de-

232 937 319 1004 derit
348 937 530 1019 exponitur.
575 939 716 1006 Praeter
747 939 962 1007 Plutarchum
994 945 1138 1007 testatur
1166 941 1325 1009 Aelianus
1357 942 1399 1008 V.

228 1044 272 1110 H.
296 1043 322 1124 I,
347 1041 403 1126 se;
426 1044 486 1123 XI,
511 1043 542 1110 9.
559 1044 784 1110 Alexandrum
799 1045 823 1111 C
839 1046 967 1112 talenta
982 1043 1108 1112 misisse
1124 1047 1167 1112 ad
1181 1045 1400 1128 Phocionem

226 1150 271 1216 ad
294 1166 390 1229 quem
412 1148 503 1214 illum
527 1148 659 1231 saepius
682 1149 840 1232 epistulas
874 1149 1003 1216 dedisse
1033 1150 1239 1232 perspicuum
1269 1156 1321 1217 est
1359 1169 1402 1218 ex

225 1253 375 1320 Duridus
391 1258 424 1321 et
440 1252 591 1320 Oharetis
606 1253 717 1319 verbis
732 1255 818 1335 apud
833 1253 1047 1321 Plutarchum
1062 1255 1122 1322 uit.
1138 1256 1237 1323 Phoc.
1255 1255 1399 1335 XVIl,6.

383 1363 417 1422 ‘O
432 1368 500 1440 γοῦν
514 1362 620 1438 Δοῦρις
635 1358 745 1440 ιίρηιιιν
760 1362 798 1429 ὡς
811 1363 900 1440 μίγας
923 1355 1072 1440 γενόμενος
1086 1365 1136 1422 καὶ
1152 1365 1278 1440 Ampelon
1297 1363 1402 1443 ιιροιιή-

387 1487 443 1536 occ
465 1465 570 1543 ἀφιῖλι
592 1473 647 1526 τῶν
668 1467 824 1526 ἐπιστολῶν
845 1463 879 1526 τὸ
901 1469 1011 1546 χαίρειν
1033 1464 1106 1543 πλὴν
1131 1470 1161 1529 le
1183 1464 1267 1538 ὅσαις
1290 1466 1401 1549 ἔγραφι
1503 1460 1504 1463 “

389 1573 535 1632 Φωκίωνι·
560 1579 674 1662 ,τοῦτον
705 1571 736 1632 di
765 1569 860 1648 μόνον,
893 1567 989 1650 ὥσπερ
1011 1571 1210 1653 Ἀντίπατρον,
1242 1571 1317 1653 paul
1346 1584 1401 1636 τοῦ

386 1680 495 1758 χαίρειν
517 1673 720 1758 ιιροοηγόριοι·
744 1685 829 1738 τοῦτο
853 1678 884 1737 ol
907 1679 957 1737 acl
979 1675 1084 1757 Χάρης
1107 1676 1247 1760 ἱστόρηκε.

224 1787 280 1854 Ex
302 1784 354 1850 his
377 1782 503 1864 verbis,
534 1801 620 1865 quae
643 1784 743 1849 etiam
766 1783 855 1865 apud
877 1782 1050 1850 Aelianum
1081 1785 1121 1850 V.
1151 1785 1195 1851 Η.
1227 1785 1253 1867 I,
1279 1782 1323 1851 25
1353 1785 1402 1852 le-

231 1894 364 1975 guntur,
388 1887 596 1970 perspicuum
621 1894 672 1954 est
695 1886 879 1967 Charetem,
905 1905 946 1954 ex
970 1907 1031 1969 quo
1055 1889 1155 1957 Duris
1185 1891 1401 1974 deprompsit,

224 1996 346 2064 multae
362 1993 543 2060 Alexandri
565 1997 599 2058 et
622 1993 667 2059 ad
689 1992 770 2060 alios
795 1998 829 2059 et
850 1994 892 2060 ad
908 1993 1107 2061 Phocionem
1123 1995 1402 2079 Antipatrumque

224 2103 325 2168 datas
348 2099 504 2182 epistulas
526 2098 719 2179 inspexisse.
759 2097 838 2165 (lum
860 2098 964 2182 igitur
986 2099 1075 2166 idem
1090 2101 1272 2168 Alexandri
1297 2105 1402 2170 vitam
1503 2162 1504 2175 ι

224 2204 457 2286 illustraverit,
481 2202 581 2269 facile
604 2205 750 2270 adducor
773 2211 810 2270 ut
833 2221 907 2271 enm
938 2224 1003 2272 uou
1033 2206 1137 2274 solum
1168 2207 1328 2292 epistulas
1355 2210 1403 2276 sd
1502 2201 1503 2272 ζ

231 2311 430 2377 Phocionem
446 2316 481 2374 et
504 2309 727 2394 Antipatrum,
757 2311 815 2377 sed
846 2310 943 2377 etiam
976 2317 1115 2395 ceteras,
1147 2329 1229 2392 quas
1262 2315 1403 2397 exposui

226 2414 397 2500 epletulas,
423 2417 536 2482 eodem
559 2421 660 2496 atque
675 2417 874 2484 Plutarchus
896 2419 991 2484 modo
1014 2418 1199 2486 narrationi
1220 2419 1402 2488 inseruisse

226 2522 370 2605 credam,
401 2524 596 2604 praesertim
620 2539 692 2588 cum
716 2527 750 2590 et
773 2523 1051 2603 narratiunculae,
1076 2525 1117 2591 ad
1141 2543 1223 2606 quas
1247 2525 1402 2611 singulae

226 2629 390 2710 epistulae
413 2627 589 2711 adjunctae
605 2634 690 2710 sunt,
715 2629 856 2696 doceant
871 2646 928 2697 eae
951 2647 1016 2695 nou
1039 2647 1112 2696 esse
1129 2643 1170 2696 ex
1185 2630 1401 2712 epistularum
1503 2618 1504 2629 ¹

226 2751 364 2815 corpore
391 2735 613 2818 depromptas,
648 2740 683 2802 et
714 2741 908 2818 argumenta
942 2753 1055 2802 earum
1086 2738 1312 2804 demonstrent
1343 2755 1402 2805 eas
1502 2775 1503 2794 2

225 2839 336 2922 posim
366 2859 387 2906 a
420 2841 590 2922 scriptore,
626 2839 683 2921 qui
714 2839 825 2923 vitam,
862 2859 957 2922 quam
992 2859 1013 2906 a
1047 2841 1217 2924 scriptore,
1254 2843 1310 2923 qui
1344 2862 1401 2910 ree

230 2943 414 3010 Alexandri
449 2951 560 3027 gestas
596 2945 756 3028 exposuit,
793 2947 969 3013 memoriae
1003 2946 1150 3028 proditae
1185 2967 1267 3016 esse
1326 2949 1401 3034 His,

225 3066 313 3130 onae
335 3049 447 3134 attuli,
464 3048 611 3136 epistulis
627 3051 877 3118 adnumeranda
893 3060 945 3118 est
961 3052 1144 3120 Alexandri
1159 3054 1203 3119 ad
1218 3055 1400 3122 Leonidam

227 3154 381 3238 epistula.
404 3156 490 3222 Plut
513 3156 573 3225 vit.
598 3157 692 3225 Alex.
717 3158 832 3226 XXV:

383 3261 622 3341 Ἀοισνοίίιιομίν
637 3264 662 3348 ¹)
710 3288 757 3327 σοι
798 3263 957 3347 λιβανωτὸν
996 3262 1132 3344 ἄφθονον
1173 3271 1223 3328 καὶ
1258 3265 1398 3350 σμύρναν,

388 3363 466 3439 ὅπως
488 3366 588 3449 παίσῃ
610 3369 685 3452 πρὸς
707 3369 775 3444 τοὺς
797 3370 887 3444 θεοὺς
909 3369 1173 3455 μικρολογούμενος.

317 3525 338 3594 ¹)
356 3523 485 3596 Pridicus,
503 3525 565 3582 ibid.
585 3543 611 3597 p.
630 3531 648 3586 5
667 3531 726 3584 edu.
747 3532 762 3583 7
789 3533 817 3584 et
837 3548 863 3598 p.
882 3529 925 3599 92,
950 3531 995 3599 qui
1015 3547 1061 3600 pro
1084 3535 1156 3586 certo
1176 3531 1257 3586 habet
1275 3535 1352 3603 rages
1371 3534 1398 3586 in

181 3685 182 3688 Ἴ
225 3613 349 3683 epistulis
374 3613 486 3683 puhhcis
512 3614 574 3669 solis
606 3615 703 3684 plurali
733 3632 844 3671 numero
869 3631 931 3670 usas
965 3633 1034 3681 esee,
1060 3633 1198 3687 uunquam
1223 3620 1251 3672 in
1280 3621 1397 3689 privatis,

231 3703 398 3758 scribendum
416 3720 476 3760 esse
493 3707 586 3760 censet
604 3703 757 3758 ἇνιίοτιίιιι
774 3705 834 3776 μὲν,
852 3709 883 3760 nt
894 3705 1003 3776 plurale
1017 3707 1131 3764 tollatur.
1163 3708 1216 3763 Sed
1227 3707 1291 3762 hcet
1303 3723 1398 3764 verum

227 3790 267 3845 sit
283 3791 465 3848 Alexandrum
483 3794 512 3848 iu
530 3793 641 3863 privatis
667 3793 786 3863 epistulis
805 3811 915 3850 numero
942 3795 1066 3865 singulari
1086 3811 1165 3850 usum
1184 3811 1251 3864 esse,
1280 3798 1311 3850 ut
1328 3796 1399 3866 apud

228 3877 401 3935 Plutarchum
418 3881 482 3952 Reg.
502 3883 529 3936 et
546 3881 610 3950 imp.
628 3881 753 3950 apophth.
769 3881 841 3937 179³
862 3881 966 3952 legitur,
985 3885 1075 3938 tamen
1092 3883 1137 3938 hic
1155 3899 1208 3937 non
1227 3885 1269 3939 eat
1281 3883 1398 3938 scriben-

228 3967 297 4020 dum
315 3966 466 4020 ίιιέοιιίνο
482 3967 547 4035 ple:
571 3984 635 4024 uam
653 3985 714 4024 oum
733 3969 879 4026 mundato
898 3966 925 4023 dl
947 3970 1084 4026 confluens
1112 3987 1166 4026 non
1183 3973 1318 4042 sequetur,
1337 3987 1399 4028 sau-

226 4055 367 4124 tantiuqne
384 4071 434 4124 per
451 4071 480 4110 ee
507 4058 561 4110 tam
581 4057 709 4112 concinna
736 4061 816 4127 atque
835 4059 948 4113 rotunda
965 4058 1007 4128 sit,
1026 4061 1057 4112 ut
1074 4059 1214 4115 antithesis
1231 4076 1285 4115 non
1313 4059 1399 4115 selum

228 4157 436 4212 supervacanea,
455 4144 503 4197 sed
522 4146 601 4200 etiam
618 4146 686 4201 mira
704 4147 832 4213 videatur,
851 4147 903 4214 pio
921 4146 1008 4202 lotum
1025 4163 1079 4202 non
1096 4148 1184 4206 habet
