3008 4614
702 122 914 226 —io-e-

225 321 337 404 luisse,
367 320 419 387 cui
442 339 558 387 nomon
575 315 696 391 Ἆθλιις
719 321 782 404 vel,
811 328 849 387 ut
877 319 1117 407 eustathius),
1143 319 1268 390 Ἀθίίας
1289 319 1391 386 fuerit

225 445 336 494 rernm
358 426 540 494 Alexandri
562 425 739 510 scriptores
762 445 827 494 non
851 430 999 494 tradunt.

312 533 492 601 Alexandri
517 533 559 599 ad
581 533 781 600 ludaeorum
805 533 989 616 pontificem
1019 533 1193 600 maximum
1217 533 1391 617 epistulam

224 639 351 722 profert
373 639 537 722 Josephus
562 639 775 724 Archaeolog.
799 639 858 722 XI,
884 637 945 723 8,3.

378 745 565 825 Ἀλέξανδρος
591 748 615 806 δ
651 750 691 818 εἰς
723 748 835 824 Σορίαν
860 747 1091 827 παραγενόμενος
1119 745 1281 825 Δαμασκόν
1313 754 1394 827 αἱρεῖ

382 857 431 914 καὶ
453 855 579 923 Σιδῶνος
594 851 742 932 κρατήσας
757 850 916 932 ἐπολιόρκει
944 856 1043 935 Τύρον,
1068 853 1145 932 ἠξίου
1166 853 1191 914 τ’
1216 852 1393 926 ἀποστείλας

382 955 538 1040 γράμματα
573 959 645 1036 πρὸς
676 955 726 1020 τόν
754 969 809 1021 τῶν
838 961 985 1021 Ἰουδαίων
1018 960 1151 1043 ἀρχιερέα
1178 964 1343 1044 σνμμαχίαν
1366 961 1393 1023 τ’

382 1067 460 1144 αὐτῷ
478 1069 599 1143 πέμπειν
631 1069 680 1126 καί
714 1062 821 1147 ἀγορὰν
849 1075 890 1144 τῷ
909 1065 1103 1146 στρατεύματι
1133 1081 1308 1152 παρασχεῖν,
1342 1072 1393 1130 καί
1473 1136 1476 1144 ,

382 1170 438 1234 όσα
475 1175 591 1251 Δαρείῳ
629 1170 769 1251 πρότερον
802 1175 913 1235 allow
947 1178 1025 1253 δῶρα
1057 1173 1136 1235 ταῦτ’
1165 1173 1243 1252 αὐτῷ
1271 1171 1393 1248 διδόναι,

380 1277 431 1356 τὴν
460 1277 638 1340 Μακεδόνων
670 1279 768 1360 φιλίαν
798 1281 955 1357 ἑλομίνονς·
986 1279 1020 1340 ori
1046 1277 1100 1359 γὰρ
1126 1279 1311 1358 μετανοήσειν
1344 1281 1393 1341 ἐπὶ

381 1386 499 1456 τούτοις.

223 1494 348 1560 Eadem
384 1492 525 1576 epistula
560 1512 601 1558 ex
631 1493 767 1574 Josephi
800 1490 884 1559 libro
920 1493 1114 1575 deprompta
1147 1492 1268 1575 legitur
1301 1493 1395 1576 apud

222 1602 385 1668 Zonanam
408 1602 468 1682 IV,
501 1599 553 1667 15.
604 1601 670 1666 Sed
702 1618 908 1682 responsum,
940 1601 1025 1683 quod
1052 1598 1201 1683 pontifex
1230 1599 1394 1666 maximus

223 1707 343 1791 legatis
371 1705 425 1773 vel
455 1706 637 1773 tabellariis
660 1707 841 1773 Alexandri
873 1708 1003 1773 dedisse
1027 1707 1142 1789 fertur,
1175 1710 1209 1772 et
1230 1705 1394 1785 narratio,

224 1820 382 1896 quaeest
405 1815 450 1879 ad
471 1813 644 1895 epistulam
668 1813 833 1896 adjuncta,
857 1832 971 1895 parum
996 1812 1166 1879 credibilia
1182 1831 1254 1879 esso
1277 1811 1394 1880 viden-

225 1920 314 2007 tur2)
338 1907 575 2004 epistulamque
597 1918 632 1985 in
657 1921 790 1987 dubium
813 1924 942 1988 vocant.

315 2025 440 2093 Plinius
464 2026 553 2111 (Nat.
577 2026 665 2092 Hist.
690 2025 747 2109 Vl,
773 2023 814 2091 17
838 2023 978 2112 (istut)
1001 2026 1083 2092 haec
1107 2025 1205 2092 dicit:

383 2133 546 2199 Haustum
568 2131 669 2214 ipsius
693 2130 791 2198 maris
816 2133 941 2198 dulcem
966 2150 1037 2198 esse
1062 2139 1095 2198 ot
1109 2132 1298 2198 Alexander
1319 2134 1395 2200 Ma-

383 2256 466 2321 gnus
490 2237 634 2321 prodidit
657 2249 690 2304 et
712 2237 756 2303 M.
779 2239 884 2304 Varro
910 2290 917 2304 .
944 2286 950 2302 .
975 2289 982 2303 .

311 2344 437 2412 Ibidem
468 2344 526 2424 VI,
558 2342 599 2410 17
631 2341 744 2430 (aqtl
778 2362 847 2426 sqq.
878 2344 1005 2410 Plinius
1033 2343 1216 2410 Alexandri
1243 2344 1395 2425 epistulis

225 2451 394 2518 confirmat
417 2471 466 2535 aa,
491 2471 574 2534 quae
592 2452 631 2518 de
655 2450 771 2535 spatiis
793 2452 880 2519 inter
903 2452 1000 2517 urbes
1016 2450 1175 2531 quasdam
1199 2457 1232 2517 et
1254 2449 1395 2518 flumina

226 2557 339 2624 Indiae
359 2579 400 2625 ex
418 2558 573 2650 Diogneti
589 2558 798 2639 Batonisque
823 2557 976 2623 itinerum
992 2557 1174 2624 Alexandri
1195 2575 1393 2642 mensorum,

224 2665 317 2732 libris
341 2667 532 2747 deprompta
555 2664 697 2747 exponit.

381 2770 553 2852 Epistulae
570 2789 704 2851 quoque
726 2769 815 2854 regis
837 2767 937 2851 ipsius
961 2772 1170 2837 consentiunt
1194 2771 1254 2836 his.

225 2875 420 2961 Hujnsmodi
454 2886 548 2944 notas
590 2895 654 2942 non
689 2877 730 2943 ab
766 2876 971 2961 Alexandro,
1010 2875 1068 2942 sed
1103 2897 1123 2943 a
1155 2878 1278 2944 Betone
1316 2877 1395 2944 fieri
1499 2866 1500 2870 ’

222 2984 367 3066 potuisse
390 2982 470 3050 dicit
492 2981 663 3051 Kaerstins
680 2983 811 3069 (Philol.
834 2983 891 3067 LI,
915 3003 947 3066 p.
972 2980 1060 3070 617).
1106 2982 1171 3050 Sed
1194 3001 1393 3065 quamquam

224 3092 340 3155 harum
353 3090 563 3172 epistularum
575 3096 731 3173 petronus
748 3107 896 3156 essenon
912 3089 1026 3169 audeo,
1041 3100 1152 3158 tamen
1164 3091 1393 3158 Alexandrum

225 3198 302 3263 deta
333 3199 501 3264 occasione
533 3198 630 3265 etiem
661 3200 700 3265 de
735 3195 919 3283 hujusmodi
950 3199 1048 3263 rebus
1085 3196 1255 3281 scripsisse
1289 3198 1392 3265 facile

224 3304 392 3370 concedes.
1373 3365 1375 3372 ,

311 3411 484 3492 Epistulae
507 3409 693 3476 Alexandro
723 3411 883 3494 subditae,
908 3429 1006 3491 quam
1029 3409 1185 3476 ecclesiae
1209 3413 1389 3492 scriptores

224 3517 443 3600 protulerunt,
474 3522 511 3581 ut
535 3516 634 3581 etiam
658 3516 852 3600 Alexandri,
885 3535 982 3597 quem
1011 3516 1172 3598 putabant
1201 3515 1388 3584 testimonio

224 3623 456 3690 confirmarent
471 3629 621 3691 veterum
645 3622 723 3688 deos
746 3622 892 3689 homines
915 3621 1017 3689 fuisse
1034 3620 1163 3709 suprass)
1186 3625 1388 3690 mentionem

312 3817 334 3884 ¹)
352 3815 472 3871 unsaris
494 3816 535 3869 ad.
560 3815 638 3870 Hom.
662 3815 694 3873 ll.
719 3815 767 3885 IX,
794 3816 859 3874 124:
889 3814 998 3872 Ἀθλόατ
1021 3816 1051 3868 τό
1069 3815 1166 3887 κόριον,
1191 3817 1214 3869 εί
1236 3821 1281 3868 καὶ
1299 3813 1386 3868 ἐθέλει

222 3903 331 3958 ἀπὸτοῦ
349 3903 482 3957 ἐπαινετοῦ
500 3900 586 3978 ildico
604 3901 758 3973 κεκλῆσθαι,
777 3897 847 3974 ὅμως
860 3901 1021 3975 κωμῳδεῖται
1035 3902 1120 3961 ἄλλοις
1139 3903 1166 3957 ἐν
1178 3905 1213 3971 τῷ
1228 3902 1260 3958 δι’
1277 3903 1387 3958 Ἀθλίου

222 3994 286 4062 πρὸς
303 3991 409 4050 ἄθλιον,
1088 3989 1090 3995 ’

309 4082 330 4152 ¹)
349 4082 387 4137 cr.
406 4081 545 4150 immun.
563 4081 605 4135 nc
623 4083 692 4139 ervit.
718 4083 768 4136 ner
780 4081 885 4152 xvim,
904 4086 947 4152 45,
967 4081 1019 4140 vol.
1036 4086 1092 4140 vm
1110 4100 1136 4152 p.
1155 4084 1268 4141 cosm.
1286 4083 1385 4152 unguo.

312 4171 379 4244 'ln
395 4172 431 4225 44
449 4186 488 4240 sn·
