3016 4612
762 161 806 230 58

204 369 347 442 tumque,
373 378 452 441 quos
475 362 595 427 Porum
620 361 781 428 adversus
804 360 1028 426 Alexandrum
1051 358 1172 426 flumen
1201 367 1380 425 transeun-

204 476 271 533 tem
301 468 429 534 misisse
459 467 666 533 Ptolemaeus
696 467 784 547 apud
809 466 985 532 Arrianum
1015 464 1110 534 testis
1141 480 1201 545 111,
1233 484 1306 532 cum
1338 482 1378 530 eo

206 571 407 658 discrepare,
442 574 499 653 qui
533 575 568 638 iu
603 571 744 653 epistula
778 571 919 655 scriptus
951 577 1017 642 est,-
1051 591 1113 652 quo
1138 571 1271 638 consilio
1296 589 1379 636 usus

205 679 396 746 Alexander
419 680 490 746 alas
513 677 656 746 hostium
679 679 814 744 adortus
839 679 891 760 sit,
916 696 980 744 nou
1005 695 1046 743 ex
1069 679 1218 760 epistula,
1250 679 1309 744 sed
1335 697 1380 744 ex

206 784 341 851 Arriani
355 784 465 852 verbis
481 785 626 870 perspici
640 803 745 866 posse,
771 804 866 866 quem
889 784 952 851 hoo
975 783 1144 850 consilium
1161 791 1249 851 11111
1265 785 1380 850 Ρ1111-

205 911 296 958 maeo
320 895 416 959 rebus
440 893 558 977 aptius,
583 911 680 974 quam
704 892 916 958 Plutarchum
940 898 1025 958 teste
1048 892 1246 974 Alexandro,
1278 909 1380 972 quem

205 997 380 1080 putaverit,
417 998 597 1080 explicasse
633 1016 672 1065 ac
707 998 912 1079 declarasse3
947 996 1029 1064 nihil
1059 998 1137 1066 novi
1166 1016 1224 1064 uos
1259 1017 1300 1064 11
1335 1017 1381 1064 ea

207 1105 342 1188 discere,
367 1115 466 1186 atque
490 1106 571 1171 adeo
595 1123 666 1172 eam
691 1123 763 1170 cum
785 1103 826 1169 iis
850 1121 1040 1186 congruere,
1065 1122 1148 1185 quae
1164 1105 1379 1171 Ptolomaeus

206 1213 293 1295 apud
316 1211 493 1278 Arriauum
527 1209 714 1293 tradiderit,
750 1219 787 1277 nt
819 1229 892 1276 eam
928 1228 969 1275 11
1002 1211 1183 1277 Ptolemaei
1217 1209 1380 1276 memoria

205 1317 397 1400 profluxisse
421 1318 464 1386 sit
488 1317 715 1400 colligendum.
761 1317 902 1384 Adlerus
915 1318 940 1401 ¹)
972 1335 1107 1398 quoque,
1137 1317 1192 1397 qui
1220 1316 1266 1383 ibi
1289 1335 1380 1383 com-

206 1428 316 1509 plures
340 1444 467 1492 errores
490 1445 530 1492 ao
552 1425 752 1493 mutationes
775 1425 943 1494 invenisse
967 1426 1029 1492 sibi
1045 1427 1186 1504 videtur,
1212 1424 1380 1490 1111111111-

207 1533 308 1598 ditam
333 1542 547 1599 1111111111.
594 1532 660 1599 Sed
689 1532 782 1598 nobis
813 1550 862 1614 11,
894 1550 976 1612 quae
1012 1533 1099 1615 apud
1124 1531 1297 1597 Arriauum
1330 1530 1380 1595 le-

207 1645 335 1720 guntur,
361 1657 432 1703 oum
456 1638 596 1721 epistula
618 1638 882 1720 comparantibus
906 1639 972 1706 alia
995 1646 1093 1719 atque
1108 1639 1263 1704 Kaerstio
1280 1637 1382 1702 Adle-

207 1762 306 1825 roque
330 1745 493 1811 sententia
518 1746 635 1827 placet.

294 1907 376 1971 Nam
400 1913 484 1972 teste
507 1905 648 1970 Arriano
681 1903 730 1988 (V,
766 1908 814 1987 ll,
848 1903 868 1968 3
897 1906 980 1988 sqq.)
1027 1904 1216 1971 Alexander
1239 1902 1381 1968 Cratero
1495 1872 1500 1917 ³

209 2029 284 2077 curu
307 2011 493 2078 cohortibus
516 2009 806 2093 Polysperchoutis
822 2011 1026 2091 Alcetaeque
1049 2009 1084 2076 in
1107 2010 1225 2076 castris
1248 2009 1379 2092 relicto,

208 2118 278 2202 ipse
302 2118 456 2184 odiliam
479 2120 571 2200 ripae
595 2123 723 2200 partem
758 2115 922 2200 proiectus
955 2127 1014 2196 est,
1048 2137 1130 2199 quae
1158 2126 1231 2183 erat
1261 2131 1382 2183 contra
1494 2136 1498 2149 ·

208 2224 346 2291 insulam
363 2225 556 2307 silvestrem,
581 2223 636 2290 ubi
651 2225 866 2307 pernoctavit.
913 2231 1043 2307 postero
1061 2223 1123 2307 die,
1147 2222 1382 2290 111111111111

208 2331 270 2413 die,
296 2349 358 2412 quo
382 2332 542 2397 adversus
566 2331 686 2397 Porum
710 2331 880 2413 pugnavit,
911 2329 1015 2411 prima
1038 2331 1110 2398 luce
1134 2328 1232 2397 solvit
1262 2345 1380 2410 naves,

208 2440 266 2503 sed
290 2445 422 2521 propter
444 2439 588 2504 locorum
611 2438 830 2521 ignorantiam
855 2456 918 2504 nou
944 2439 988 2502 ad
1012 2456 1083 2503 eam
1116 2455 1211 2517 quam
1236 2435 1383 2518 petebat

211 2546 327 2627 ripam,
358 2544 473 2610 sedin
496 2543 634 2610 insulam
668 2562 821 2625 magnam
852 2545 1009 2611 advectus
1041 2550 1100 2627 est,
1133 2543 1218 2608 unde
1246 2549 1381 2624 reperto

208 2652 297 2720 vado
320 2651 354 2718 in
371 2651 560 2716 ulteriorem
576 2649 717 2716 fluminis
741 2649 844 2731 ripam
861 2650 1001 2715 transiit.
1048 2651 1127 2717 Cum
1143 2651 1205 2716 hac
1220 2647 1382 2716 memoria

210 2778 275 2825 non
299 2757 450 2841 congruit
473 2757 613 2841 epistula
638 2759 730 2839 adeo,
756 2768 793 2823 nt
816 2755 971 2823 Kaerstio
995 2756 1188 2823 assentiaris
1212 2774 1284 2822 eam
1309 2775 1382 2838 pro-

206 2865 339 2933 fluxisse
360 2884 402 2932 11
423 2865 480 2945 iis,
507 2884 590 2947 quae
613 2865 822 2932 Ptolemaeus
845 2865 1044 2931 tradiderat:
1068 2865 1101 2930 in
1126 2863 1268 2948 epistula
1291 2863 1381 2929 enim

207 2972 365 3056 scriptum
389 2981 440 3036 est
456 2972 680 3038 Alexandrum
703 2981 802 3036 noctu
826 2990 929 3039 naves
952 2973 987 3037 iu
1002 2971 1177 3054 insulaml)
1201 2969 1378 3054 appulisse,

300 3253 406 3323 1)1111.
426 3271 451 3321 p.
471 3253 512 3306 23.

229 3387 230 3390 ¹
300 3360 322 3428 ¹)
342 3360 506 3414 1111111111
525 3361 568 3429 (V,
594 3361 635 3427 12,
654 3362 670 3417 2
690 3362 760 3429 sqq.)
789 3360 878 3414 verbis
905 3359 1105 3428 intelligendum
1134 3363 1175 3413 est
1196 3358 1379 3412 Alexandrum

208 3467 261 3504 non
281 3451 309 3502 in
328 3465 409 3518 parva
426 3448 541 3503 silvestri
560 3448 652 3517 insula,
676 3451 725 3503 111
742 3451 774 3502 ad
799 3450 916 3503 fluminis
936 3450 1019 3518 ripam
1038 3452 1207 3518 pernoctasse
1227 3451 1254 3501 11
1272 3451 1380 3516 postero

207 3539 296 3594 111111
314 3554 437 3607 magnam
458 3537 570 3592 insulam
590 3537 700 3592 classem
720 3537 864 3606 appulisse.
895 3539 937 3592 Ex
956 3537 1083 3606 epistulae
1102 3547 1191 3592 autem
1211 3537 1379 3606 1111111111-

207 3627 316 3694 spicitur
328 3628 434 3697 quidem
447 3628 628 3683 Alexandrum
646 3629 673 3680 in
686 3627 772 3680 insula
784 3634 960 3696 pernoctasse,
981 3628 1028 3681 sed
1041 3629 1129 3680 utrum
1148 3643 1229 3695 parua
1247 3625 1380 3680 1111111111

207 3717 293 3771 insula
311 3718 375 3772 haec
387 3719 474 3787 fuerit,
488 3734 522 3772 an
534 3733 636 3787 magna,
656 3733 734 3786 quam
749 3715 876 3770 Arrianus
890 3715 1013 3786 appellat,
1031 3731 1125 3785 parum
1138 3716 1233 3784 liquet:
1253 3715 1380 3784 quoniam

207 3809 296 3859 autem
314 3808 384 3861 haud
398 3807 515 3876 procula
529 3808 585 3875 ripa
599 3806 721 3861 ulteriore
740 3806 823 3860 fuisse
836 3806 948 3875 videtur,
968 3806 1036 3858 hanc
1048 3822 1100 3859 non
1113 3805 1191 3858 aliam
1210 3804 1292 3858 fuisse
1304 3807 1380 3873 puto,

207 3895 258 3948 nisi
274 3895 354 3963 illam,
373 3913 452 3966 quarn
464 3896 593 3950 Arrianus
612 3911 734 3963 maguam
753 3894 875 3965 appellat,
895 3911 1055 3964 quamquam
1070 3893 1228 3949 Plutarchus
1247 3908 1305 3946 eam
1323 3909 1380 3946 non

206 3999 328 4052 magnam
347 3985 427 4038 luisse
446 3985 516 4040 dicit.
553 3984 619 4038 Inde
636 3986 726 4038 autem
744 3986 850 4038 11111111
868 3984 1027 4039 Plutarchus
1045 3984 1107 4038 dicit
1126 3981 1177 4034 ἀπὸ
1196 3980 1245 4049 τῆς
1273 3979 1381 4049 νησῖδος

208 4069 279 4141 dpar,
307 4072 332 4124 id
356 4077 397 4125 est
421 4072 532 4125 navibus
551 4071 653 4135 solutis,
681 4075 708 4125 et
735 4071 810 4141 paulo
838 4077 898 4141 post
929 4074 976 4127 τὰς
1003 4069 1105 4138 σχεδίας
1133 4071 1260 4140 ἀφέντας,
1287 4075 1380 4126 tumen

207 4161 388 4240 Alexandrum
406 4160 515 4229 pedibus
534 4161 561 4212 in
580 4161 662 4230 ripam
681 4160 833 4215 ulteriorem
851 4162 985 4230 transisse,
1004 4161 1030 4214 id
1049 4162 1119 4230 quod
1136 4162 1251 4216 vixfierl
1264 4165 1380 4231 poterat,
