3008 4614
577 62 790 165 ...ax-

188 259 534 327 Pseudocallisthenes
558 267 590 325 et
607 259 750 341 quicum
772 269 900 326 secutus
917 271 969 327 est
992 258 1100 326 Julius
1115 259 1268 328 Valerius

85 356 278 434 veritatem
309 365 360 432 illi
390 365 523 446 quidem
545 384 610 432 non
634 385 760 449 semper
784 365 964 449 negligunt,
989 367 1047 433 sed
1069 385 1123 447 res
1146 377 1269 449 tempo-

86 491 238 555 rumque
261 472 406 540 rationes
431 473 635 540 confundunt
657 474 840 554 multasque
863 473 993 540 fabulas
1016 473 1199 539 narrationi
1221 471 1269 539 in·

82 585 289 663 terponunt:
318 586 417 661 atque
440 588 477 646 ut
503 579 538 644 in
561 581 659 647 rebus
683 579 871 661 narrandis,
895 579 944 646 ita
965 579 998 645 in
1022 579 1169 662 epistulis
1193 577 1269 645 affe-

85 685 211 753 rendis
235 687 372 754 tradunt
396 685 524 768 quidem
548 685 706 769 epistulas
723 688 879 768 quasdam
895 705 1041 752 ererum
1056 685 1270 768 scriptoribus

85 793 220 876 prioris
262 791 383 858 aetatis
427 794 602 859 memoriae
648 791 795 874 proditas
838 792 1039 873 aliorumque
1077 793 1270 875 scriptorum

88 899 302 966 auctoritate
327 899 547 983 confirmatas,
572 900 628 967 sed
653 907 687 966 et
710 919 767 965 eas
789 899 822 965 in
846 917 936 965 usum
961 916 1053 966 suum
1076 903 1271 975 mutantes

87 1007 185 1072 alias
219 1005 284 1088 ipsi
317 1005 455 1090 fingunt,
491 1024 571 1087 quas
606 1009 646 1072 de
680 1007 778 1073 rebus
812 1006 1014 1074 mirabilibus
1048 1006 1270 1074 Alexandrum

89 1183 294 1252 callisthenem,
319 1183 366 1236 sed
386 1182 508 1252 Zachero,
534 1183 595 1237 ibid.
613 1199 639 1252 p.
667 1182 709 1252 92,
737 1185 806 1239 teste
833 1182 959 1252 legrmtur
985 1183 1012 1236 in
1030 1185 1186 1237 Armeniaca
1213 1185 1271 1253 ejus

92 1271 284 1326 translatione.
321 1269 467 1325 Alexandri
486 1272 518 1325 ad
536 1271 629 1340 Tyrios
648 1271 762 1340 epistula
780 1270 876 1340 legitur
899 1272 967 1340 apud
984 1270 1272 1328 Pseudocallisthenem

90 1361 115 1430 Ι,
150 1361 185 1414 35
210 1362 238 1414 et
255 1360 392 1414 Valerium
415 1360 438 1428 I,
466 1361 509 1414 36.
545 1361 588 1414 Ad
605 1361 722 1414 Dareum
749 1361 836 1414 datam
863 1360 1002 1429 epistulam
1028 1362 1127 1429 profert
1153 1361 1272 1416 Pseudo-

91 1449 271 1504 callisthenes
294 1449 317 1519 I,
336 1449 379 1519 38,
410 1448 533 1504 Valerius
552 1449 574 1518 Ι,
593 1449 636 1506 40.
672 1449 715 1503 Ad
739 1449 931 1503 Scamandrum
960 1451 1130 1520 (Σκαμάνδρῳ
1154 1451 1227 1508 codd.
1246 1453 1273 1505 et

91 1538 232 1608 velarine,
251 1538 298 1592 ubi
315 1538 402 1592 Maius
422 1538 574 1592 emendavit
592 1537 749 1608 Cassandro)
771 1538 866 1592 ducem
883 1537 1048 1592 Pseudocall.
1073 1540 1095 1608 Ι,
1114 1539 1161 1610 42,
1182 1539 1270 1594 Valer.

93 1628 117 1696 Ι,
139 1628 185 1682 45.
225 1627 314 1682 Altera
332 1628 365 1682 ad
383 1628 501 1682 Dareum
521 1625 633 1695 epistula
644 1625 808 1680 Pseudocall.
827 1627 862 1694 Π,
882 1629 924 1684 10.
961 1628 1003 1681 Ad
1022 1630 1139 1697 satrapas
1153 1628 1272 1684 Pseudo-

93 1717 161 1772 call.
179 1717 213 1785 Π,
233 1717 276 1770 11.
304 1716 345 1768 Ad
355 1715 533 1770 Athenienses
545 1714 670 1784 epistulae
689 1719 751 1783 tres,
773 1715 937 1770 Pseudocall.
956 1717 1009 1785 (ed.
1027 1716 1124 1770 Miiller
1141 1717 1175 1773 ci
1193 1719 1272 1772 etiarn

94 1805 203 1860 Zacher
220 1805 282 1859 ibid.
301 1820 326 1873 p.
347 1807 398 1861 125
418 1804 487 1874 sqq.)
505 1803 540 1873 H,
560 1806 591 1872 13
618 1804 653 1873 Π,
673 1803 704 1874 2,
723 1803 760 1873 ΙΙ,
779 1805 805 1872 d,
824 1803 947 1858 Valerius
965 1805 1001 1873 ΙΙ,
1021 1805 1054 1876 2,
1079 1805 1114 1874 Π,
1133 1807 1162 1876 3,
1181 1806 1218 1874 Π,
1239 1807 1272 1862 16

94 1911 160 1964 sqq.
196 1895 255 1948 Hae
287 1893 414 1962 epistulae
451 1893 633 1948 desiderantur
657 1893 686 1945 in
710 1893 777 1947 libro
799 1892 850 1949 Me.
873 1893 1004 1963 Leidensi,
1029 1910 1063 1948 ex
1092 1909 1143 1963 quo
1169 1893 1273 1950 Meusel

95 1983 390 2038 Pseudocallisthenem
411 1982 499 2038 edidit.
537 1982 701 2051 (Fleckeisen
714 1981 803 2036 Jahrb.
823 1981 956 2050 Supplem.
975 1982 1024 2040 Bd.
1042 1982 1076 2050 V,
1097 1983 1272 2038 1864-1872

97 2091 125 2143 p.
147 2073 200 2128 706
218 2075 286 2142 sqq).
323 2073 364 2126 Ad
377 2072 606 2140 Lacedaemonios,
625 2071 715 2126 Valer.
727 2071 765 2140 H,
785 2072 827 2126 19.
854 2073 896 2125 Ad
908 2071 1032 2126 Statiram
1045 2073 1072 2125 et
1085 2071 1274 2141 Rodogrmdem

1 2157 2 2236 J
98 2164 129 2216 et
148 2161 294 2230 Roxanem,
313 2159 479 2215 Pseudocall.
498 2160 533 2228 ΙΙ,
552 2159 594 2228 22,
631 2159 721 2214 Valer.
735 2159 772 2224 Π,
791 2161 833 2216 37.
870 2161 911 2214 Ad
940 2161 1045 2214 easdem
1064 2164 1092 2214 et
1108 2176 1162 2214 una
1179 2162 1212 2215 ad
1231 2176 1273 2216 so·

96 2249 155 2304 lam
173 2249 371 2319 Rodogundem,
390 2248 554 2303 Pseudocall.
573 2249 609 2316 11,
636 2250 679 2306 22.
716 2250 758 2303 Ad
776 2252 896 2317 matrem,
916 2248 1079 2304 Pseudocall.
1097 2249 1134 2318 ΙΙ,
1152 2250 1195 2305 22.
1232 2251 1274 2305 Ad

1 2331 2 2334 ’
97 2340 216 2391 matrem
234 2339 262 2391 et
279 2336 456 2405 Aristotelem,
479 2336 644 2394 Pseudocall.
663 2337 698 2405 ΙΙ,
718 2337 760 2391 23.
798 2338 839 2390 Ad
857 2336 1035 2406 Aristotelem,
1062 2336 1150 2394 Valer.
1170 2339 1219 2403 ΠΙ,
1239 2341 1274 2395 14

98 2443 170 2496 sqq,
189 2442 256 2495 quae
279 2442 333 2479 non
361 2428 402 2480 est
421 2426 515 2479 eadem
542 2428 622 2494 atque
646 2425 759 2494 epistula
776 2426 809 2480 ab
827 2427 935 2480 Andros
952 2425 1064 2496 Paulini,
1084 2427 1176 2482 Gissae
1204 2429 1274 2484 1706

102 2517 184 2570 edita.
221 2516 262 2569 Ad
281 2513 461 2583 Aristotelem,
481 2513 645 2568 Pseudocall.
663 2514 711 2582 ΠΙ,
732 2515 764 2567 17
785 2514 817 2568 de
844 2530 895 2583 qua
913 2515 945 2571 cf.
964 2515 1064 2569 Miiller
1082 2517 1140 2569 adn.
1159 2518 1193 2572 ad
1210 2517 1237 2572 h.
1251 2517 1274 2572 l.
1328 2542 1330 2548 ¹

101 2605 147 2658 Ad
176 2604 284 2673 Porum,
317 2601 480 2657 Pseudocall.
508 2602 557 2671 III,
590 2602 614 2671 2,
643 2601 732 2658 Valer.
752 2602 802 2671 111,
831 2605 855 2657 b.
900 2606 942 2656 Ad
970 2605 1116 2661 candacem
1148 2606 1273 2675 reginam,

101 2692 268 2750 Pseudocall.
309 2692 359 2756 111.
399 2693 441 2759 18,
479 2689 568 2747 Valer.
599 2693 653 2754 ΙΙΙ,
685 2690 727 2747 28.
776 2692 818 2745 Ad
847 2693 995 2746 Amazonas
1032 2693 1160 2761 epistulae
1198 2696 1274 2765 duae,

101 2781 268 2836 Pseudocall.
286 2782 336 2850 ΠΙ,
356 2782 390 2836 25
410 2797 449 2850 sq.
488 2779 577 2835 Valer.
595 2781 643 2848 ΙΙΙ,
662 2781 697 2832 44
721 2783 747 2834 et
765 2781 808 2835 46.
844 2781 886 2834 Ad
904 2784 1024 2851 matrenr,
1043 2782 1206 2840 Pseudocall.
1225 2785 1275 2850 ΙΠ,
1381 2847 1382 2850 ¹

103 2871 138 2924 27
159 2886 216 2940 sqq.
254 2869 342 2924 Valer.
362 2873 418 2938 ΙΙΙ,
436 2872 472 2928 49
491 2885 549 2938 sqq.
585 2869 767 2924 Alexandrum
786 2885 846 2922 cum
864 2869 1027 2936 Babylonem
1051 2873 1223 2941 pervenisset,
1242 2874 1276 2927 ad

105 2961 220 3014 matrem
252 2959 389 3028 scripsisse
422 2959 484 3012 dicit
503 2959 610 3027 quidem
636 2957 911 3012 Pseudocallisthenes
929 2959 978 3022 ΙΠ,
1002 2959 1045 3029 30,
1076 2962 1123 3014 sed
1148 2962 1275 3031 epistulae

104 3050 242 3104 incohatae
272 3049 369 3103 oblitus
397 3050 453 3118 ipse
482 3048 658 3102 narrationem
682 3048 775 3117 pergit.
821 3047 908 3101 Aliam
938 3049 971 3102 ad
997 3051 1108 3103 matrem
1137 3050 1276 3119 epistulam

105 3143 183 3196 affert
209 3139 484 3196 Pseudocallisthenes
504 3143 557 3212 111,
586 3141 628 3198 33.
665 3141 724 3194 Hae
752 3143 815 3194 sunt
845 3139 991 3194 Alexandri
1020 3141 1053 3194 ad
1083 3140 1170 3193 varios
1200 3141 1276 3195 datae

111 3229 247 3298 epistulae,
267 3245 335 3298 quae
362 3227 488 3298 leguntur
516 3229 585 3298 apud
603 3227 894 3286 Pseudocallisthenem
919 3230 945 3282 et
963 3227 1108 3296 Valerium,
1134 3229 1178 3298 qui
1197 3229 1277 3282 etiam

107 3319 220 3372 edictum
257 3317 402 3372 Alexandri
441 3318 474 3371 ad
513 3317 653 3386 imperium
685 3316 898 3370 constituendum
933 3317 1075 3370 memoriae
1105 3315 1277 3384 prodiderunt

106 3405 270 3464 Pseudocall.
289 3407 324 3468 Π,
344 3407 386 3474 21,
406 3405 496 3460 Valer.
514 3407 549 3475 H,
569 3408 611 3462 35.
630 3407 830 3460 Testamentum
844 3421 949 3475 quoque
967 3404 1110 3459 Alexandri
1128 3409 1278 3461 memorant

107 3495 383 3550 Pseudocallisthenes
401 3496 452 3566 ΠΙ,
472 3498 506 3551 33
526 3498 580 3564 (ed.
603 3495 712 3565 Miiller)
732 3498 759 3550 et
772 3495 900 3551 ¹Valerius
918 3496 969 3567 III,
987 3496 1022 3550 58
1041 3511 1089 3566 sq,
1111 3497 1181 3565 quod
1207 3497 1278 3550 idern

108 3599 166 3638 esse
183 3583 290 3638 videtur
308 3587 387 3653 atque
403 3587 599 3645 testamentum.
619 3585 694 3654 crq'us
713 3584 875 3639 mentionem
893 3585 955 3640 facit
967 3586 1097 3639 Diodorus
1111 3583 1175 3651 XX,
1194 3585 1239 3655 81,
1250 3587 1277 3642 3.

108 3672 249 3742 llpistulas,
279 3689 346 3742 quas
364 3673 545 3728 Alexandrum
565 3674 697 3742 accepisse
715 3673 743 3726 hi
770 3673 910 3744 scriptores
938 3676 1052 3743 tradunt,
1080 3674 1179 3730 omitto.
1215 3674 1278 3742 Πρί-

80 3795 83 3800 -
109 3761 191 3816 stulas
205 3762 238 3816 ab
254 3761 410 3832 Olympiade
423 3765 498 3817 datas
516 3763 673 3818 memorabo.
709 3763 822 3832 Philippi
840 3763 1055 3833 Olympiadisque
1068 3763 1100 3816 ad
1110 3762 1279 3818 Aristotelem

110 3853 187 3906 etad
205 3851 316 3906 Zeuxim
336 3854 410 3906 datas
430 3852 555 3923 epistulas
574 3856 703 3907 memorat
721 3852 843 3906 Valerius
862 3856 884 3922 Ι,
904 3853 930 3907 9.
967 3852 1068 3906 Ibidem
1091 3852 1191 3906 mentio
1208 3853 1279 3908 iacta

1 3951 2 3960 ¹
109 3943 150 3994 est
168 3939 296 4009 epistulae
316 3941 461 3994 eorundem
480 3941 514 3994 ad
532 3939 714 3995 Alexandrum
733 3941 818 3994 datae.
857 3939 1019 4009 Olympiadis
1037 3942 1079 4019 ,ad
1096 3940 1279 3995 Alexandrum

110 4029 243 4098 epistulas,
263 4045 330 4099 quae
344 4031 419 4084 erant
431 4030 464 4084 de
479 4030 616 4098 Antipatro
630 4031 749 4100 scriptae,
769 4030 884 4084 afferunt
897 4029 1171 4085 Pseudocallisthenes
1183 4030 1231 4100 ΙΠ,
1245 4031 1277 4088 31

1 4103 2 4108 '
110 4121 137 4172 et
153 4119 175 4176 r.
194 4117 315 4172 suenus
333 4117 381 4188 m,
396 4120 439 4174 se.
