3008 4614
637 68 679 135 73

82 271 152 331 tuuc
171 265 303 332 Samum
325 263 543 347 possiderent,
572 267 678 333 verba
700 264 862 346 epistulae
886 263 962 344 ipae
991 262 1077 343 αὐτὴν
1103 262 1240 356 λαβόντες

82 367 154 450 παρὰ
184 381 236 433 τοῦ
266 368 378 449 πατρὸς
409 389 430 436 a
463 371 606 436 veritate
639 372 829 436 abhorrent:
865 388 905 435 ea
935 369 1030 452 enim,
1064 387 1147 451 quae
1177 369 1241 451 ipsi

82 475 263 542 obtinebant
294 495 314 541 a
338 475 507 559 Philippo,
540 479 595 557 qui
626 481 706 543 tunc
736 494 778 542 ne
808 475 968 542 rationem
999 475 1129 556 quidem
1152 475 1242 542 Sami

82 581 225 648 habuisse
258 580 405 664 videtur,
439 599 504 647 non
534 587 743 664 acceperunt.
789 581 884 647 Haec
911 590 1021 647 autem
1044 583 1147 649 verba
1177 599 1241 646 non

82 689 157 754 idem
172 689 289 756 valent
311 692 410 768 atque
425 688 528 753 verba
551 697 763 770 συγχωροῦντος
785 687 839 753 vel
854 684 985 758 διδόντος
995 685 1018 772 ¹)
1041 696 1093 749 τοῦ
1115 685 1239 766 caepae:

19 801 20 842 l
83 813 146 859 ham
169 792 197 859 si
217 793 289 873 quis
314 791 389 874 ἔχετο
415 789 551 873 λαβόντος
574 790 656 874 παρὰ
678 803 730 855 rob
752 789 862 870 πατρὸς
877 809 935 874 pro
960 803 1173 872 συγχωροῦντος
1188 792 1241 861 vel

85 899 200 971 badimor
231 896 283 962 col
312 898 425 978 πατρὸς
451 899 580 983 scribit,
613 919 682 966 rem
714 907 905 982 exaggerat,
937 900 1024 980 quod
1053 897 1242 964 Alexander

19 1099 20 1102 Ἴ
88 1026 136 1074 our
150 1005 279 1074 faceret
294 1024 360 1073 non
376 1012 458 1072 erat.
498 1006 591 1072 Haec
614 1006 716 1090 igitur
731 1008 836 1072 verba
859 1025 930 1071 are
953 1006 1027 1087 ipsa
1043 1004 1241 1087 dlacrepant.

86 1114 140 1179 Sed
169 1131 211 1178 ne
239 1113 343 1178 verba
367 1111 499 1192 quidem
530 1111 581 1174 οὐκ
604 1109 640 1173 dv
663 1110 757 1172 domae
789 1130 862 1177 cum
892 1129 929 1175 re
957 1114 1156 1192 congruunt:
1187 1109 1242 1188 qui

19 1205 20 1212 ἵ
87 1220 157 1286 emm
179 1219 262 1284 haec
278 1217 404 1299 scribit,
429 1226 487 1283 aut
509 1223 611 1300 negat
634 1237 669 1283 se
686 1216 944 1283 Atheniensibus
966 1217 1165 1282 concessisse
1189 1215 1243 1284 vel

88 1326 254 1391 concedere
269 1322 423 1406 voluIsse,
439 1329 476 1389 ut
491 1324 621 1391 Samum
638 1323 833 1402 obtinerent,
850 1324 944 1406 quod,
962 1321 1039 1403 quia
1054 1322 1243 1388 Alexander

87 1437 409 1514 pacemapatracum
421 1429 680 1497 Atheniensibus
693 1429 905 1511 compositam
916 1427 1243 1511 minimeviolaviw)

87 1556 141 1604 non
156 1543 204 1603 est
219 1556 346 1619 verum,
364 1544 422 1603 aut
437 1537 613 1603 confitetur
628 1535 759 1615 quidem
771 1553 807 1601 se
822 1535 960 1602 insulam
975 1533 1015 1600 iis
1033 1521 1242 1615 concessisse,

87 1646 136 1709 sed
156 1643 234 1712 dicit
263 1663 299 1710 se
321 1644 384 1710 hoc
413 1662 478 1710 non
501 1642 620 1709 iecisse
644 1643 707 1708 nisi
735 1649 869 1725 propter
895 1646 1030 1725 patrem,
1063 1639 1242 1719 siquidem

88 1752 177 1816 Verba
200 1750 252 1813 οὐκ
276 1748 312 1811 cir
335 1747 429 1812 ἔδωκα
456 1747 533 1830 ἔχετο
556 1750 587 1811 ab
610 1747 748 1829 λαβόντος
770 1745 852 1827 παρὰ
875 1745 1059 1827 reinceptis·
1082 1745 1129 1811 sic
1144 1745 1243 1810 inier-

85 1857 234 1938 prelanda
266 1869 355 1923 sunt:
387 1861 415 1917 al
435 1858 459 1918 d
463 1853 566 1928 ἔδωκα,
590 1853 640 1917 διὰ
662 1853 713 1917 τὸν
735 1860 850 1935 πατέρα
873 1853 976 1926 ἔδωκα,
1008 1852 1042 1918 id
1067 1859 1118 1917 est
1141 1849 1242 1912 ἔδωκα·

88 1959 192 2042 aliptae
230 1959 286 2042 γὰρ
320 1963 402 2042 παρὰ
435 1971 487 2023 roa
521 1959 641 2039 πατρός,
680 1979 764 2041 quae
798 1979 864 2026 non
898 1961 1003 2042 magis
1041 1975 1123 2023 vera
1159 1965 1244 2022 sunt.

88 2067 268 2134 Alexander
306 2066 392 2133 enim
429 2085 501 2132 eam
537 2064 793 2133 Atheniensibus
830 2063 978 2146 permisit
1011 2083 1077 2130 non
1112 2075 1245 2144 propter

86 2179 213 2255 patrem,
238 2173 296 2238 sed
313 2191 385 2238 cum
409 2178 602 2255 properaret
623 2171 746 2236 bellum
762 2170 873 2236 Persis
897 2167 1032 2252 inferre,
1057 2187 1120 2234 nou
1137 2169 1242 2234 solum

86 2277 214 2360 Samum,
240 2277 332 2360 cujus
355 2284 435 2343 tunc
457 2276 581 2342 nnllam
604 2275 763 2343 rationem
794 2275 953 2354 habebat,
985 2273 1243 2340 Atheniensibus

86 2401 140 2449 uon
162 2384 295 2466 ademit,
328 2384 388 2449 sed
415 2384 515 2449 etiam
539 2382 715 2464 benignum
739 2400 774 2447 se
804 2383 838 2447 in
870 2400 925 2447 eos
948 2379 1146 2466 praebuitl).
1192 2382 1243 2446 Ao

87 2507 121 2553 ne
151 2490 190 2555 de
219 2489 277 2555 illo
302 2490 433 2570 quidem
463 2494 611 2570 tempore
643 2488 724 2553 haec
754 2489 858 2554 verba
889 2486 953 2552 dici
983 2494 1148 2569 poterant,
1179 2504 1243 2566 quo

87 2594 294 2660 Athenienses
322 2594 410 2676 apud
434 2593 656 2659 Chaeroneam
687 2593 769 2661 victi
792 2599 896 2661 erant.
940 2591 1133 2658 Alexander
1157 2590 1241 2657 enim

88 2717 121 2764 ne
142 2708 218 2767 tunc
236 2700 374 2781 quidem,
399 2698 427 2765 si
442 2699 513 2781 ipse
530 2717 587 2781 pro
604 2697 755 2781 Philippo
772 2717 844 2763 cum
860 2697 1115 2764 Atheniensibus
1131 2715 1244 2778 pacem

88 2805 218 2886 iniisset,
259 2805 390 2872 Samum
424 2804 466 2870 iis
505 2803 696 2872 ademisset:
733 2822 807 2869 nam
842 2802 1012 2884 Philippus
1052 2821 1180 2884 quoqne
1215 2802 1243 2868 si

21 2925 25 2945 r
88 2911 247 2993 potuisset,
284 2910 372 2975 haud
402 2909 500 2975 dubie
534 2927 589 2975 eos
618 2909 727 2975 insula
757 2907 967 2990 privavisset.
1021 2908 1131 2992 Quare
1159 2910 1244 2974 haec

89 3019 179 3083 verba
201 3036 266 3084 non
290 3025 367 3084 sunt
396 3015 445 3082 ita
467 3015 671 3098 accipienda:
703 3015 731 3081 si
755 3033 815 3098 ego
839 3015 982 3097 Philippi
1005 3015 1075 3081 loco
1099 3014 1243 3096 fuissem,

90 3121 206 3188 Samum
242 3125 337 3191 vobis
376 3141 441 3189 non
477 3123 719 3188 concessissem.
778 3121 888 3186 Verba
926 3139 1053 3201 quoque
1088 3123 1246 3200 ἐλευθέραν

91 3225 162 3289 olla
182 3233 231 3289 aab
254 3227 367 3301 ἔνδοξον
397 3246 513 3310 parum
543 3239 621 3310 apte
655 3228 745 3293 dicta
778 3235 854 3292 sunt
877 3228 918 3292 de
942 3227 1048 3309 Samo,
1082 3244 1176 3306 quae,
1209 3237 1245 3293 ut

92 3350 177 3414 supra
188 3335 420 3416 demonstravi,
433 3341 504 3401 tum
516 3334 559 3399 ab
571 3333 836 3415 Atheniensibus,
853 3341 920 3398 tum
933 3353 953 3399 a
964 3331 1244 3412 Lacedaemoniis,

91 3537 288 3550 w

168 3669 245 3736 1)ΟῘ.
269 3669 374 3722 Diodor.
395 3667 497 3733 XVIII,
523 3669 583 3736 55,7
607 3660 702 3735 Σάμον
727 3665 755 3719 δὲ
778 3663 885 3735 didam
902 3667 1070 3736 Ἀθηναίοις,
1095 3662 1183 3734 ἐπειδὴ
1201 3671 1246 3719 καὶ

94 3757 205 3818 Φίλιππος
223 3758 315 3816 ἔδωκεν
332 3762 347 3814 ὁ
365 3761 460 3832 πατήρ.

169 3883 188 3952 ²)
206 3884 245 3939 Oi.
274 3884 381 3939 Diodor.
406 3884 492 3953 XVII,
521 3884 578 3956 4,9;
609 3885 678 3951 lh,5.
706 3884 765 3936 Arr.
792 3881 814 3950 Ι,
834 3882 876 3949 l,2
894 3895 934 3949 sq.
964 3880 1032 3950 10,a.
1076 3878 1169 3933 lustin.
1197 3878 1246 3947 XI,

94 3970 142 4048 isa
167 3971 235 4028 Plut
255 3973 301 4028 vit.
320 3972 398 4027 Alex
417 3971 494 4028 XIII.

170 4095 189 4165 ³)
206 4098 315 4154 Arriam.
333 4097 356 4167 I,
375 4096 451 4168 10,d;
469 4095 541 4151 Plut.
560 4095 605 4149 vit
624 4094 701 4150 Alex.
720 4093 797 4148 XIII.
