3016 4612
662 149 729 215 ὅδ’

94 363 169 411 cum
201 342 379 426 φοβούμενος
408 351 442 410 et
472 347 662 426 προσβάλλων
694 345 968 414 concionaretur?
1013 347 1126 412 Verba
1155 351 1266 413 autem

93 453 131 523 ολς
155 461 203 514 νον
225 453 277 530 μὲν
300 450 404 523 αὐτοὺς
425 485 471 499 -
492 448 588 532 ὥσπερ
619 451 743 533 γυναιξὶν.
766 451 873 535 potius
908 452 943 518 in
966 450 1136 536 Hyrcania
1171 471 1266 534 qnam

94 559 138 624 ad
159 557 343 641 Hyphasim
364 557 429 624 dici
452 565 623 640 poterant:
647 577 723 624 nam
746 559 852 625 tradit
875 557 1007 639 quidem
1030 559 1190 626 Arrianus
1213 559 1266 645 (V,

96 662 149 742 26,
174 663 209 750 3)
253 664 476 731 Alexandrum
499 665 542 731 ad
564 665 745 748 Hyphasim
771 663 907 731 dixisse:
940 675 988 726 νῦν
1018 667 1050 727 ιλ
1081 662 1117 744 ιη’
1148 664 1268 745 ολποτρο-

95 777 229 849 πομόνων
252 769 346 832 πολλὰ
361 772 412 850 μὲν
434 768 546 852 μάχιμα
569 774 758 834 ὑπολείπεται
781 777 845 852 γένη
867 772 911 832 ἐπ’
937 777 1031 834 ἐκεῖνα
1054 783 1105 833 τοῦ
1126 771 1268 852 Ὑφάσιος

96 916 106 925 -
133 916 145 927 -
175 916 186 928 -
222 875 292 940 ὥστε
327 882 390 948 dioc
424 875 463 956 μὴ
497 875 686 954 ἀπελθόντων
720 878 816 940 ὀπίσω
849 881 899 938 καὶ
933 876 971 940 τοὶ
1005 891 1055 940 νῦν
1089 875 1269 960 κατεχόμενα

94 986 130 1046 ori
144 988 251 1066 βέβαια
268 980 335 1046 όντα
352 989 471 1062 ἐπαρθῇ
493 981 567 1062 πρός
582 983 747 1046 ἀπόστασιν
769 981 842 1063 πρὸς
856 994 911 1046 τῶν
932 983 1017 1063 μήπω
1032 990 1182 1068 ἐχομένων,
1209 986 1268 1051 sed

97 1089 127 1155 si
157 1091 384 1156 Alexandrum
420 1091 463 1155 ad
490 1089 673 1172 Hyphasim
708 1089 748 1154 de
775 1089 959 1156 hominibus
995 1090 1133 1159 devictis
1162 1099 1196 1157 et
1225 1093 1267 1156 de

97 1197 258 1279 gentibus,
283 1215 367 1277 quae
390 1196 477 1263 ultra
501 1196 685 1279 Hyphasim
715 1195 910 1263 habitabant
929 1197 1078 1279 'satisque
1104 1199 1268 1265 habebant

97 1302 278 1370 incolumes
303 1321 376 1369 esse
398 1305 482 1370 talia
506 1302 628 1370 dixisse
652 1309 757 1387 putes,
781 1301 815 1368 in
840 1302 1010 1385 Hyrcania
1034 1311 1124 1370 certe
1149 1305 1190 1371 de
1213 1304 1268 1370 ho·

98 1408 248 1492 minibus,
274 1409 328 1491 qui
351 1429 454 1492 nuper
473 1409 564 1490 victi,
590 1411 649 1477 sad
671 1411 812 1477 nondum
837 1411 947 1492 pacati
963 1410 1133 1477 etiamtum
1156 1411 1190 1478 in
1214 1430 1267 1478 ar-

100 1516 287 1598 miserant,
312 1533 384 1581 eum
405 1516 479 1598 jure
502 1518 602 1582 multo
619 1515 753 1582 meliore
777 1515 916 1582 dixisse:
941 1514 1044 1588 αὐτοὺς
1066 1517 1194 1581 ἐνύπνιον
1215 1528 1269 1580 τῶν

95 1619 256 1703 βαρβάρων
287 1619 416 1703 ὁρώντων
449 1629 483 1689 et
513 1627 729 1700 ἐπιθησομένων
762 1620 851 1694 idcir
879 1621 941 1690 tibi
965 1623 1177 1707 judicandum
1205 1631 1266 1691 est.

101 1728 232 1795 Curtius
268 1727 396 1810 quidem
432 1729 504 1814 (VI,
540 1728 602 1813 III,
640 1729 658 1791 7
694 1728 755 1813 sq.)
791 1730 895 1796 multa
930 1729 1012 1796 talia
1046 1731 1268 1797 Alexandrum

100 1836 263 1901 dicentem
297 1835 393 1916 facit;
431 1834 609 1919 praecipue
644 1837 747 1902 verba
782 1836 853 1920 ejns
883 1834 973 1922 (ibid.
1005 1836 1048 1924 8).
1082 1842 1200 1906 ‘omncs
1223 1840 1267 1917 λα’,

16 1971 18 2002 ο
97 1944 195 2008 simui
225 1949 314 2028 terqo
345 1949 454 2010 κοολνα
477 1944 622 2022 uiderim,
652 1941 860 2030 sequenturl)’
893 1949 1078 2027 congruunt
1101 1962 1172 2011 cum
1196 1963 1269 2012 ver·

15 2063 16 2098 l
101 2049 166 2114 bis:
203 2046 240 2110 όν
273 2051 304 2111 δὲ
339 2049 465 2112 ἀπίωσιν
498 2054 717 2128 ἐπιθησομένων
750 2047 849 2122 sidric.
896 2053 1005 2117 Verba
1040 2059 1150 2116 autem
1181 2051 1268 2128 μόνον

99 2153 277 2235 ταράξαντος
305 2153 355 2235 τὴν
380 2157 480 2218 Ἀσίαν
514 2175 580 2223 non
611 2162 765 2238 poterant
795 2157 881 2239 apud
913 2155 1097 2242 Hyphasim
1127 2155 1193 2224 dici
1223 2157 1267 2224 ad

14 2268 16 2394 η
101 2261 307 2345 Macedonas,
343 2264 397 2344 qni
426 2262 575 2330 omnibus
610 2262 758 2330 hostibus
791 2265 968 2345 prostratis
1002 2262 1267 2348 regionibusque,

14 2395 16 2468 η
100 2387 181 2450 quas
205 2375 472 2452 penetraverant,
502 2368 628 2451 pacatis
652 2378 797 2438 remotas
820 2371 972 2452 regiones
996 2377 1029 2437 et
1053 2389 1139 2437 nova
1162 2389 1268 2454 regna

14 2469 15 2556 T
102 2475 236 2557 petituri
264 2485 368 2558 erant,
401 2478 459 2544 sed
486 2476 521 2542 in
548 2477 720 2559 Hyrcania
748 2477 813 2543 dici
843 2482 1008 2559 poterant,
1046 2495 1117 2542 cum
1148 2476 1268 2543 milites

14 2577 15 2668 ζ
102 2579 299 2665 interempto
322 2583 432 2650 Dareo
460 2583 617 2664 reliquias
646 2583 810 2652 exercitus
834 2586 1009 2650 Persarum
1038 2582 1184 2666 illosque,
1214 2582 1269 2664 qui

100 2707 235 2772 regnum
266 2689 329 2756 sibi
357 2690 577 2773 adsciverant,
613 2710 648 2758 se
676 2697 906 2774 persecuturos
930 2696 1101 2774 negarent,
1138 2691 1203 2773 qui,
1240 2688 1267 2755 si

101 2793 295 2862 Macedones
329 2796 557 2880 recessissent,
593 2815 644 2875 ea,
679 2814 763 2877 quae
796 2795 986 2878 amiserant,
1021 2796 1169 2878 recipere
1204 2814 1269 2861 non

14 2903 16 2950 ό
100 2910 212 2967 essent
236 2902 390 2970 cunctati.
436 2904 563 2972 Verba:
592 2901 642 2982 τὴν
665 2901 830 2981 οἰκουμένην
857 2914 917 2974 τοῖς
940 2902 1092 2964 Μακεδόσι
1120 2899 1268 2982 κτώμενος,

101 3006 255 3087 quoniam
286 3007 425 3086 κτώμενος
459 3028 615 3092 praesens
649 3010 688 3074 de
723 3016 842 3076 conatu
874 3019 940 3090 est,
978 3015 1011 3074 et
1041 3009 1074 3074 in
1098 3009 1269 3092 Hyrcania

99 3125 133 3180 et
167 3120 245 3182 ante
283 3115 366 3181 illud
400 3120 527 3198 tempus
567 3116 632 3182 dici
667 3123 834 3198 poterant3
875 3118 917 3183 ad
952 3116 1133 3200 Hyphasim
1168 3117 1269 3183 ctiam

14 3209 15 3266 l
98 3219 276 3300 scordiscos
299 3223 430 3290 dicendi
452 3224 542 3290 locus
558 3225 672 3310 ωειλ).
720 3224 831 3290 Verba
855 3223 993 3304 denique
1016 3225 1268 3304 ἐγκαταλέλειπται

189 3471 211 3539 ¹)
231 3469 289 3526 alii:
308 3473 363 3522 illos
382 3481 522 3540 sequentur.

182 3577 202 3644 ²)
223 3576 261 3631 Cf.
282 3576 426 3631 orationem
445 3577 589 3632 Alexandri
613 3579 646 3632 ad
671 3577 821 3647 Hyphaaim
848 3576 965 3630 habitam
993 3577 1062 3645 apud
1081 3578 1201 3632 Curtium
1219 3581 1268 3639 IX,

98 3667 133 3727 ll,
153 3667 188 3721 10
207 3668 234 3720 et
246 3665 387 3718 Attianum
399 3666 432 3734 V,
448 3667 496 3734 26;
515 3667 654 3736 praecipue
667 3667 761 3722 verba:
787 3661 850 3718 ‘Non
863 3669 890 3716 ἐκ
902 3669 985 3717 limine
996 3675 1095 3733 operum
1111 3669 1268 3732 laborumque

99 3766 249 3823 πιελνννκπε,
268 3759 349 3808 sedin
362 3758 432 3807 exitu
444 3766 539 3807 stamus
552 3790 587 3798 —
601 3787 634 3795 -
649 3786 681 3795 -
697 3787 728 3796 -
744 3759 800 3807 inde
811 3761 914 3808 κναίσατε
926 3757 1061 3822 perdomito
1066 3759 1122 3821 fine
1140 3763 1268 3806 terrarum

101 3854 252 3897 reuertemur
264 3848 292 3896 ι’νι
307 3847 439 3912 patrrbml’
476 3849 502 3899 ei
521 3844 551 3896 οὗ
563 3843 648 3910 πολλὴ
668 3843 704 3897 ἔτι
719 3844 785 3911 ημῖν
799 3843 816 3910 ἡ
830 3841 912 3909 λοιπή
924 3841 967 3894 ἐστ
977 3862 993 3894 ν
1006 3873 1038 3882 -
1053 3873 1085 3883 -
1099 3873 1132 3882 -
1144 3873 1178 3882 -
1194 3846 1270 3908 καλή

100 3931 214 4001 malain*
229 3928 295 3987 o‘r‘rtur
315 3935 396 4003 πόσα,
414 3939 460 3986 καὶ
472 3930 529 4004 ὅροι
539 3934 586 4002 τῆς
596 3933 677 4006 vairp
692 3932 771 4004 ἀρχῆς
785 3928 880 4004 οόσπερ
898 3938 943 3985 καλ
961 3930 1006 3999 tiis
1017 3931 1064 4000 γῆν
1082 3925 1184 4002 ‘o‘qovrd
1203 3932 1269 3987 θεὸν

103 4023 210 4090 ἐποίησε.
249 4027 276 4078 at
297 4024 359 4078 ibid.
377 4023 449 4090 ολμεῒσ
463 4020 491 4076 δὲ
506 4029 552 4076 καλ
568 4024 602 4076 τό
618 4023 656 4076 ἔτι
669 4021 800 4077 ότιόλονπα
818 4021 865 4088 τῆς
881 4019 976 4077 Ἀσίας
993 4019 1124 4091 πρόσθετε
1144 4019 1199 4076 τοῖν
1216 4017 1268 4086 ἤδη

101 4115 261 4182 κεκτημένοις
278 4118 323 4166 καλ
339 4112 373 4165 τὰ
391 4111 467 4182 ὀλίγα
491 4112 545 4168 τοῖς
561 4111 675 4168 πολλοῖς.
717 4112 791 4177 Quae
809 4112 930 4181 quamvis
953 4127 969 4165 a
993 4127 1083 4164 rerum
1101 4109 1270 4178 scriptoribus

102 4207 232 4274 exornata,
255 4205 345 4256 tamen
363 4203 466 4270 docent,
485 4202 610 4271 quidnam
636 4201 674 4253 illi
695 4200 815 4254 homines
838 4200 988 4268 οἰκουμένην
1012 4198 1183 4267 appellarent.
1201 4198 1269 4252 Con-
