3008 4614
648 160 691 228 99

87 359 189 429 verbis
224 372 288 430 ταῖς
310 360 483 441 sarmatae,
519 358 560 424 de
584 358 700 439 quibua
724 357 856 442 supra1)
880 355 1040 440 copiosius
1068 357 1246 440 disputavi.

87 466 145 532 Sed
168 465 309 548 epistula
335 466 407 547 ipsa
444 463 698 545 quieverant,
724 462 872 544 equidem
895 481 959 529 non
983 462 1115 530 dubito:
1139 482 1245 544 neque

88 571 165 638 enim
188 574 283 640 video
307 571 421 654 quibua
445 570 553 638 causis
576 569 730 638 falsarius
752 569 878 640 moveri
899 569 1049 652 potnerit,
1074 573 1111 636 ut
1139 571 1246 637 Persi-

88 697 191 745 corum
215 680 401 762 poculorum
424 684 459 744 et
481 695 635 745 vasorum
650 675 746 745 varia
758 693 882 760 genera
897 681 1115 743 enumeraret.
1144 678 1246 743 Acce·

15 861 16 870 ,
88 786 130 850 dit
158 786 244 866 quod
275 790 385 851 exstat
421 783 561 866 epistula
594 785 688 867 regia
716 782 752 848 iu
773 781 885 866 lapide
908 782 1022 865 incisa,
1052 783 1143 850 illam
1172 785 1245 849 dico

15 877 16 960 Ϊ
88 889 209 958 Seleuci
240 892 284 958 ad
305 890 449 958 Milesios
482 891 592 957 ᾱιιιιιιι
622 889 840 976 epistulam,²)
872 907 936 970 qua
959 889 1055 973 hujus
1086 889 1246 973 epistulae

88 998 215 1081 ventas,
240 1002 278 1064 ut
293 997 415 1080 opinor,
440 995 628 1063 confirmari
650 1001 777 1081 potest:
812 988 888 1062 nam
911 993 1010 1062 etiam
1025 995 1060 1061 iu
1075 996 1133 1062 illa
1150 1013 1245 1062 aecu-

88 1110 153 1170 rate
180 1105 357 1184 eodemque
386 1104 490 1186 modo,
522 1107 619 1184 atque
641 1103 676 1169 in
699 1103 760 1170 hac
782 1100 962 1169 Alexandri
985 1101 1135 1186 epistula,
1160 1103 1245 1168 dona

88 1210 179 1277 missa
214 1222 456 1291 enumerantur,
492 1209 583 1293 qu‘us
606 1209 635 1277 si
658 1230 688 1279 v.
712 1209 843 1274 30-63
875 1227 947 1274 cum
975 1210 1038 1276 hac
1064 1208 1246 1276 Alexandri

88 1316 221 1400 epistula
244 1316 495 1402 comparaveris,
520 1315 618 1383 facile
641 1317 676 1382 in
699 1315 897 1382 sententiam
914 1316 1074 1382 concedes
1089 1320 1244 1384 nostram.

87 1421 148 1490 Sed
169 1425 211 1491 ad
233 1428 387 1503 satrapas
408 1440 481 1488 eam
497 1423 608 1489 datam
632 1439 705 1488 esse
727 1439 842 1506 parum
857 1421 1026 1503 probabile
1049 1428 1114 1489 est:
1138 1440 1244 1504 neque

86 1532 167 1596 enim
196 1537 249 1597 est
277 1530 466 1597 Alexander
496 1531 660 1611 putandus
692 1529 857 1610 perhanc
880 1527 1055 1610 epistulam
1078 1534 1244 1610 satrapam

87 1636 220 1718 aliquem
252 1636 293 1703 de
321 1637 444 1718 praeda
475 1654 495 1700 a
523 1652 559 1702 se
593 1633 685 1702 facta
717 1634 887 1702 certiorem
911 1632 1038 1702 fecisse.
1086 1635 1244 1719 Quoniam

88 1747 189 1809 autem
212 1742 279 1824 ille,
304 1747 391 1808 teste
413 1740 591 1808 Plutarcho
608 1741 681 1827 (vit.
698 1740 793 1808 Alex.
810 1740 906 1822 XVI;
929 1740 1044 1823 XXV3
1068 1741 1242 1828 XXXIX),

87 1868 124 1915 ex
144 1851 224 1915 Asia
239 1847 370 1932 saepius
388 1849 472 1914 dona
495 1849 539 1914 ad
561 1853 699 1925 matrem
722 1846 820 1932 misit,
843 1847 923 1914 licet
938 1847 1048 1930 colligi
1071 1867 1142 1916 eum
1158 1848 1244 1914 hane

86 1957 210 2024 dedisse
233 1954 417 2038 epistulam,
442 1973 507 2036 qua
529 1960 668 2021 matrem
692 1954 841 2021 dadonis
858 1972 878 2020 a
897 1973 931 2021 se
948 1951 1056 2022 missis
1071 1955 1244 2022 certiorem

87 2061 214 2146 iaceret,
238 2062 274 2128 id
297 2063 382 2142 quod
404 2059 485 2128 iecit
509 2080 581 2128 oum
604 2063 647 2127 ad
669 2061 846 2129 Leonidem
869 2068 945 2128 tura
974 2061 1108 2148 misiti)
1154 2062 1242 2145 Quae

87 2169 270 2252 conjectura
293 2167 504 2235 confirmatur
527 2165 669 2236 Pollucis
692 2167 887 2236 testimonio.

167 2292 284 2361 Pollux
306 2295 391 2360 enim
414 2295 582 2361 Onomast.
607 2293 665 2374 VI,
690 2291 733 2360 87
756 2314 786 2376 p.
811 2292 876 2360 249
900 2294 950 2360 ed.
967 2293 1101 2360 Bekher
1127 2312 1243 2360 memo-

87 2407 136 2464 rat
156 2399 338 2466 Alexandri
361 2401 403 2467 ad
424 2405 563 2468 matrem
587 2400 697 2468 datam
721 2401 911 2484 epistulam:

237 2507 331 2568 calcor
353 2511 383 2569 da
400 2501 590 2587 Ἀλεξάνδρου
616 2504 690 2590 πρὸς
716 2505 767 2586 τὴν
795 2513 904 2589 μητέρα
935 2508 1070 2584 ἐπιστολῇ
1099 2511 1242 2586 μέμνημαι

237 2617 267 2674 ἐν
290 2601 387 2684 ἄλλοις
409 2611 523 2675 σκεύεσι
546 2616 596 2675 καὶ
618 2611 668 2676 rho
690 2612 815 2696 μύστρον
838 2613 935 2693 εὑρών.

19 2708 23 2730 ⁴
88 2715 175 2784 llanc
198 2717 372 2801 epistulam
395 2719 531 2785 eandem
555 2717 657 2786 fuisse
681 2726 781 2800 atque
805 2719 903 2799 illam,
930 2736 1025 2799 quam
1052 2720 1242 2786 Athenaeus

87 2823 128 2887 ad
148 2828 298 2908 satrapas
323 2824 434 2891 datam
457 2842 529 2891 esse
553 2825 643 2907 dicit,
669 2824 878 2907 perspicuum
901 2828 1040 2891 estnon
1067 2825 1171 2892 solum
1202 2843 1243 2891 ex

86 2930 236 2996 vocabulo
259 2929 393 3014 μύστροι,
418 2933 504 3011 quod
524 2931 558 2998 in
574 2929 767 3014 epistulaet
782 2932 869 3014 apud
883 2930 1091 2998 Athenaeum
1107 2937 1142 2998 et
1157 2930 1243 3013 apud

86 3033 245 3103 Pollucem
266 3036 396 3125 legitur,
421 3039 479 3104 sed
502 3037 601 3105 etiam
616 3057 656 3106 ex
672 3037 815 3105 Pollucis
830 3036 940 3105 verbis
956 3043 985 3100 aa
1001 3033 1098 3109 ahion
1117 3035 1241 3121 σκεύεσι,
1312 3111 1315 3118 .

88 3158 163 3220 quae
185 3162 250 3209 non
272 3143 340 3208 alia
355 3147 440 3227 sunt,
464 3142 529 3210 nisi
551 3144 666 3226 poeula
682 3150 715 3210 et
730 3162 821 3229 vasa,
846 3163 928 3225 quae
939 3145 1025 3225 apud
1036 3143 1240 3211 Athenaeum

89 3254 324 3329 enumerantur;
349 3267 445 3330 quam
468 3251 508 3316 ob
531 3268 601 3316 rem
621 3248 710 3317 illam
727 3250 910 3335 epistulam,
935 3269 1030 3331 quam
1051 3250 1241 3318 Athenaeus

88 3443 289 3456 *—

167 3565 361 3637 tfflm

166 3673 186 3743 ἰ
205 3673 235 3731 0.
253 3675 279 3730 J.
294 3674 324 3730 G.
344 3673 422 3729 2852.
442 3673 470 3726 iu
488 3675 538 3729 hac
556 3673 667 3745 epistula
680 3691 706 3730 r.
720 3675 754 3730 26
769 3690 809 3745 sq.
821 3675 886 3730 haec
904 3674 1037 3744 leguntur:
1061 3673 1114 3726 τῶν
1132 3669 1161 3725 δὲ
1176 3675 1241 3752 σφι-

88 3760 226 3830 neuwen
243 3762 417 3834 χρυσωμάτων
440 3769 485 3816 καὶ
503 3763 696 3836 ἀργυρωμάτων
718 3759 754 3822 εἷς
771 3763 801 3818 τὸ
823 3759 892 3836 ἱερὸν
911 3764 1083 3836 ῠπσγέγρσφσ
1111 3763 1173 3833 ὑμῖν
1193 3762 1241 3831 τὴν

88 3852 189 3920 γραφὴν,
212 3849 260 3905 ἰ’νσ
276 3846 360 3919 εἰδῆτε
378 3857 423 3906 aral
440 3853 474 3906 τὰ
491 3855 552 3922 γένη
570 3859 615 3907 nal
632 3854 678 3907 τὸν
703 3854 827 3924 σταθμὸν
845 3853 959 3911 mmor.
982 3871 1045 3908 mox
1069 3854 1243 3909 recensentur

88 3952 149 4009 vase,
167 3941 379 4011 quaedonautur.
398 3941 457 3995 Hac
469 3942 582 4011 epistula
599 3943 680 3997 etiam
698 3942 878 3998 Parmenionis
897 3943 929 3997 ad
942 3941 1123 3997 Alexandrum
1142 3941 1241 4012 epistu-

89 4022 133 4097 lae,
151 4045 217 4099 quae
240 4033 311 4099 apud
329 4032 497 4087 Athenaeum
515 4036 564 4102 xl,
589 4035 630 4105 17,
655 4033 721 4092 ‘1811
740 4049 779 4103 sq.
799 4035 826 4089 et
843 4036 923 4104 XIII,
941 4033 984 4103 87,
1003 4032 1068 4088 6071
1079 4047 1118 4103 sq.
1136 4031 1240 4101 legitur,

89 4119 174 4174 veritas
192 4121 341 4175 confirmari
361 4124 456 4192 potest.

167 4226 545 4298 pmmmmn

1046 4319 1078 4377 ’τί
