3016 4612
643 73 712 162 ce

121 274 239 354 quidem
276 271 451 339 Strabonis
485 269 721 350 Plutarchique
756 267 977 335 narrationem
985 265 1010 353 1)
1042 273 1279 350 exaggeratam

119 398 191 463 esse,
214 378 269 458 qui
302 395 476 462 perperam
517 377 737 460 conjiciebant
767 373 1000 456 peripateticos
1029 371 1191 453 antiquos
1223 373 1279 453 qui

120 489 188 551 ante
201 483 426 550 Andronicum
443 491 549 564 erant,
574 479 804 547 acroamaticis
821 478 1012 545 Aristotelis
1028 478 1121 545 libris
1137 478 1278 545 maxima

120 611 154 658 ex
172 603 263 672 parte
296 591 450 670 caruisse,
483 589 543 654 sed
570 587 677 670 ipsum
707 585 923 652 Aristotelem
956 603 1013 651 eos
1044 583 1167 668 publici
1194 585 1278 668 juris

120 695 226 763 iecisse
250 695 367 778 conjici
389 714 455 760 non
478 693 565 759 licet.
610 692 726 773 Itaque
742 689 922 778 Zeberus2)
946 696 998 756 est
1014 690 1205 770 audiendae,
1222 689 1278 772 qui

121 803 278 886 explorata
300 823 337 870 re
359 802 460 869 firmis
484 799 687 883 argumentis
704 797 890 880 adducitur,
915 803 951 863 ut
968 816 1022 864 eos
1043 799 1084 864 ab
1099 796 1277 863 Aristotele

121 909 212 976 editos
235 927 308 975 esse
330 917 441 992 neget.
489 906 613 990 Quodsi
634 904 831 971 Aristoteles
842 902 944 970 libros
960 905 1199 970 acroamaticos
1213 922 1278 969 nou

122 1015 220 1098 edidit,
228 1015 262 1080 id
271 1017 355 1096 quod
368 1013 466 1081 etiam
475 1009 908 1096 Stabriusffipseconfessus
921 1017 980 1096 est,
990 1009 1277 1076 Alexandercerte

26 1197 28 1222 ι
121 1141 174 1188 hon
189 1128 318 1204 poterat
330 1123 491 1188 scribere:
516 1120 567 1182 οὐκ
585 1121 684 1201 ὀρθῶς
694 1121 834 1198 ἐποίησας
849 1115 949 1186 ἐκδοὺς
962 1115 1029 1187 τοὺς
1044 1112 1278 1196 ἀκροαματικοὺς

26 1239 28 1300 3
120 1239 165 1288 τῶν
184 1225 282 1309 λόγων,
318 1225 512 1309 praesertim
547 1244 620 1291 cum
643 1223 685 1290 iis
707 1241 773 1289 non
807 1222 952 1306 singulos
979 1221 1080 1290 libros
1112 1221 1276 1305 deinceps,

116 1347 212 1414 'neque
235 1332 321 1401 enim
354 1331 740 1412 ἄκροαμααικούςκικαςνθΙ
760 1332 812 1391 οὐκ
833 1329 930 1410 ὀρθῶς
949 1341 1040 1400 ποιεῖς
1067 1325 1194 1399 dedederit,-
1210 1326 1278 1399 τούς

122 1437 339 1521 ἀκροαματικούς
360 1449 416 1501 τῶν
438 1437 528 1520 λόγον
551 1440 705 1520 scriptum
730 1444 790 1519 est,
815 1438 874 1504 sed
891 1444 1024 1502 cunctos
1041 1436 1277 1502 acroamaticos

27 1626 31 1643 Ι
121 1545 207 1612 libros
242 1565 305 1612 uno
340 1554 489 1629 tempore
524 1545 630 1611 editos
670 1562 743 1610 asse
777 1542 991 1626 significetur.
1045 1541 1128 1608 Cum
1167 1547 1277 1609 autem

120 1651 294 1719 Alexander
325 1659 399 1736 post
424 1650 632 1718 Callisthenis
662 1648 833 1735 mortem4)
861 1648 1020 1732 epistulas
1051 1650 1094 1715 ad
1116 1647 1277 1715 Aristote-

27 1749 29 1766 ''
121 1760 174 1824 lem
196 1758 324 1826 dedisse
348 1776 413 1824 uon
436 1759 601 1837 videatur,
627 1756 864 1823 existimandus
888 1763 939 1822 est
954 1755 1151 1821 Aristoteles
1174 1755 1276 1820 libros

28 1933 32 1960 ρ
123 1865 346 1931 acroamaticos
370 1872 447 1931 ante
472 1863 682 1931 Callisthenis
704 1867 842 1929 mortem
871 1861 1009 1945 scriptos
1039 1869 1073 1926 et
1101 1860 1276 1942 diligenter

29 1973 30 2016 ἓ
120 1973 230 2037 celatos
252 1990 317 2037 uno
340 1979 487 2054 tempore
511 1977 645 2036 cunctos
667 1969 790 2052 publici
811 1968 892 2052 juris
916 1967 1044 2051 fecisse,
1067 1967 1102 2034 id
1119 1968 1203 2049 quod
1219 1965 1276 2035 vix

119 2076 180 2142 fieri
199 2083 342 2162 poterat.
395 2078 507 2144 Verba
533 2095 661 2158 quoque
683 2073 749 2147 τοὺς
772 2072 1004 2156 ἀκροαματικοὺς
1026 2084 1080 2136 τῶν
1102 2071 1193 2154 λόγων
1215 2072 1276 2138 fal-

30 2207 31 2240 t
121 2183 188 2248 sarii
230 2182 381 2250 fraudem
428 2185 604 2266 detegunt:
642 2183 684 2249 iis
723 2181 810 2249 enim
853 2184 1010 2249 librorum
1048 2198 1153 2264 genus
1191 2178 1275 2245 indi-

121 2297 203 2355 catur
236 2292 276 2356 ab
312 2289 376 2356 alio
416 2291 572 2357 librorum
608 2309 728 2371 genere
764 2291 940 2362 diversum.
987 2291 1037 2354 Ao
1073 2288 1276 2353 distribuunt

119 2441 317 2453 ——n-——n

29 2513 34 2574 l
119 2515 136 2583 I,
154 2518 237 2586 1633,
261 2519 371 2590 38,107;
396 2519 546 2588 11,11,44;
572 2521 667 2591 37,95;
695 2521 802 2589 49‚125.
837 2521 917 2575 Acad.
941 2523 1037 2589 poster.
1065 2520 1086 2576 I.
1115 2520 1185 2587 9‚33.
1205 2518 1275 2573 Orat.

30 2575 34 2641 i
121 2607 164 2674 us.
210 2607 293 2662 earm
325 2607 359 2663 u.
387 2610 442 2664 ae.
479 2609 500 2662 1.
535 2609 599 2678 aro
633 2610 738 2663 uretur
776 2608 867 2664 orooro
899 2607 1070 2676 meopmase
1104 2606 1201 2660 nuum
1242 2609 1275 2661 ue

121 2695 222 2780 nmioilia
239 2696 343 2764 legisse.
382 2697 582 2767 Cephisodotus,
602 2714 681 2768 quem
694 2698 813 2751 Stabrius
832 2697 905 2766 (ibid.
918 2697 954 2766 H,
973 2713 998 2766 p.
1008 2695 1044 2748 42
1053 2697 1120 2766 sqq.)
1139 2695 1183 2764 ait,
1196 2698 1277 2764 negat

30 2775 31 2800 ¹
119 2781 254 2840 Numenius
280 2786 350 2854 apud
378 2785 523 2840 Eusebium
542 2786 648 2856 (Praep.
681 2801 776 2854 evang.
803 2786 877 2855 XIV,
907 2787 932 2855 6,
952 2785 1020 2842 7321)
1048 2786 1100 2854 sq.)
1126 2783 1276 2838 Aristotelis

118 2867 186 2924 libros
203 2872 358 2942 inspexisse,
378 2873 486 2943 siquos
506 2873 655 2928 Aristotelis
673 2873 753 2928 libros
776 2873 847 2943 legit,
879 2888 933 2926 non
950 2872 1014 2927 alios
1038 2872 1135 2942 legisse
1162 2873 1274 2942 videtur,

118 2958 160 3011 uisi
176 2960 238 3030 illos,
259 2977 325 3031 quos
345 2962 491 3018 exotericos
510 2966 612 3017 vocent.
649 2963 690 3017 De
709 2978 740 3016 eo
759 2963 792 3017 ci.
810 2961 908 3016 Athen.
927 2961 978 3030 HI,
997 2961 1039 3029 94,
1060 2962 1136 3015 12211.

195 3069 215 3136 ¹)
233 3067 326 3122 Strabo
346 3067 435 3138 XVII,
454 3067 515 3138 609,
535 3070 584 3139 54;
603 3069 673 3123 Plut.
686 3069 726 3122 vit
737 3068 826 3123 Sullae
835 3067 939 3138 XXVI,
959 3070 973 3121 1
994 3083 1032 3137 sq.
1043 3067 1115 3122 Suid.
1126 3085 1151 3122 v.
1164 3066 1277 3124 attiae.

195 3173 284 3242 ²)Die
302 3175 402 3230 Philoe.
421 3177 469 3229 der
487 3175 590 3232 Crieeh.
610 3177 646 3244 (3.
666 3177 736 3230 Aufl.
755 3175 791 3244 Π,
816 3175 832 3228 2
856 3191 882 3244 p.
910 3175 961 3230 138
984 3190 1023 3244 sq.
1043 3175 1078 3230 oi.
1097 3175 1158 3230 ibid.
1177 3191 1203 3244 p.
1223 3177 1272 3229 131

118 3261 172 3330 sp),
190 3263 220 3319 cl.
240 3264 318 3318 etism
337 3263 425 3318 Buhle
444 3265 563 3334 (Encycl.
582 3265 666 3320 Erech
684 3265 738 3318 und
765 3264 867 3318 Cruber
889 3265 922 3332 V,
942 3281 967 3333 p.
988 3263 1040 3320 276
1063 3280 1120 3335 sqq,
1148 3281 1174 3334 p.
1193 3265 1274 3333 296),

30 3371 31 3408 t
117 3347 208 3406 Schoell
226 3353 334 3421 (Cesch.
353 3353 378 3407 d.
398 3353 501 3409 Criecb.
521 3353 584 3409 Litt.
602 3355 741 3409 iibersetzt
758 3369 812 3407 von
829 3353 935 3424 Pinder,
963 3353 999 3423 H,
1018 3370 1043 3422 p.
1064 3354 1143 3422 1591,
1162 3353 1275 3407 Brandis

30 3435 31 3520 ρ
117 3453 209 3509 quoque
228 3441 350 3510 (Amatot.
371 3440 445 3496 seina
463 3443 536 3498 acad.
562 3443 643 3512 Zeitg.
662 3443 684 3512 Ι,
703 3459 728 3512 p.
759 3443 811 3496 113
838 3445 888 3512 eq.)
916 3459 969 3497 non
995 3443 1079 3497 credit
1105 3441 1275 3496 Aristotelem

29 3525 31 3584 ἶ
117 3540 204 3598 omues,
223 3529 268 3599 qui
287 3531 439 3598 supersunt,
458 3529 538 3584 libros
557 3532 677 3586 edidisse.
714 3531 896 3600 Metaphysica
923 3532 956 3585 ab
980 3531 1098 3585 Eudemo
1122 3530 1193 3584 edita
1215 3544 1276 3583 esse

29 3603 30 3621 ¹
116 3615 209 3684 conjicit
225 3616 312 3672 Zeller
330 3617 412 3685 (Berl.
430 3619 510 3672 Acsd.
530 3619 598 3676 1877
619 3636 643 3688 p.
658 3620 742 3690 167.),
762 3619 872 3674 Politice
885 3623 1022 3689 artenmue
1040 3617 1197 3672 rhetoricam
1215 3619 1276 3686 post

118 3703 253 3760 Aristotelis
274 3711 387 3761 mortem
405 3706 434 3759 in
451 3706 541 3761 lucem
558 3707 685 3776 prodiisse
703 3709 780 3762 docet
796 3708 867 3761 idem
887 3707 948 3775 (Die
966 3705 1064 3762 Philos.
1088 3707 1112 3759 d.
1133 3705 1236 3762 Crieob.
1256 3707 1275 3760 3

116 3793 175 3846 Auh.
192 3794 226 3864 H,
245 3797 270 3866 2,
289 3812 314 3864 p.
335 3794 423 3867 130.);
449 3795 543 3850 chica
560 3795 737 3852 Nicomaehea
754 3811 770 3850 a
787 3795 948 3850 Nicomacho
966 3794 1113 3849 Aristotelis
1133 3793 1185 3848 lilio
1204 3793 1277 3848 edita

118 3893 166 3934 esse
183 3884 238 3938 veri
255 3883 341 3938 simile
360 3885 465 3940 videtur
482 3884 581 3940 Dielsio
600 3885 681 3954 (Berl.
700 3886 781 3941 Acsd
801 3883 870 3940 1886
889 3900 913 3952 p.
935 3885 996 3944 111.

195 3987 214 4055 ³)
232 3987 335 4044 Ibidem
354 3989 389 4060 H,
408 4007 434 4059 p.
453 3991 514 4048 279.

194 4095 214 4162 ⁴)
232 4093 272 4151 Ci.
292 4110 371 4164 supra
390 4112 416 4164 p.
435 4098 478 4150 51.
