3008 4614
793 112 856 182 106

402 305 435 389 ἦν
463 313 555 372 τοίνυν
583 314 601 390 ἢ
627 310 679 388 μὲν
707 307 804 391 πρώτη
831 311 1021 388 Δημοσθένης
1051 308 1236 388 δξομνδμενος
1263 305 1406 368 ταλάντων

401 414 577 495 πεντήκοντα
609 417 804 498 δωροδοκίαν,
841 409 961 495 ἣνῆγεν
995 415 1038 476 ἐπ’
1072 413 1158 478 αυτὸν
1188 413 1337 496 Δημάδης,
1371 417 1405 483 ὡς

397 520 586 602 Ἀλεξάνδρου
606 531 690 584 τοῦτο
707 520 877 600 Ἀθηναίοις
900 527 931 583 ἐκ
954 529 1009 584 τῶν
1031 523 1158 601 Δαρείου
1183 523 1323 600 λογισμῶν
1345 525 1404 580 ἐπε-

403 630 567 702 οταίυιότος.

243 753 399 838 EJusdem
433 754 592 837 epistulae
626 752 820 822 mentionem
855 752 936 820 iacit
966 751 1107 837 Apsines
1141 749 1224 834 τέχνη
1250 756 1312 830 ppt.
1343 754 1406 828 περὶ

244 863 405 939 προοιμίου,
429 862 592 934 Rhetores
609 861 730 929 Graeei
746 861 793 928 ed
810 860 906 928 Walz
924 861 988 929 vol.
1004 859 1055 926 IX
1071 879 1102 943 p.
1120 856 1183 925 491
1208 865 1242 925 et
1256 857 1405 940 Sopater,

243 966 402 1035 Rhetoras
430 967 550 1036 Graeci
580 968 632 1035 ed.
661 967 766 1036 Walz.
798 968 856 1039 IV,
887 964 928 1033 91
959 973 992 1033 et
1020 966 1107 1034 idem
1136 964 1258 1033 ibidem
1288 963 1349 1047 IV,
1376 984 1404 1047 p.

244 1070 319 1142 316.
376 1074 427 1140 Ae
460 1073 715 1140 Demosthenem
750 1071 919 1155 pecuniam
954 1091 975 1136 a
1008 1071 1120 1138 Persis
1154 1069 1326 1152 accepisse
1360 1073 1407 1134 est

245 1178 376 1259 quidem
398 1179 556 1245 traditum
564 1179 605 1264 l),
629 1179 688 1245 sed
711 1195 816 1259 neque
839 1179 1078 1244 Demosthenes
1102 1179 1188 1244 bane
1211 1178 1252 1244 ob
1277 1193 1408 1242 oausam

244 1289 417 1352 aecusatus
447 1290 506 1364 ssi,
535 1303 641 1366 neque
670 1286 859 1352 Alexander
889 1286 929 1350 de
957 1285 1019 1351 hae
1049 1304 1086 1352 ra
1115 1287 1158 1351 ad
1187 1285 1409 1350 Athenienses

244 1390 412 1473 scripsisse
435 1390 576 1459 videtur.

332 1498 456 1564 Eadem
479 1497 618 1580 suspirio
642 1497 732 1565 eadit
753 1499 788 1564 in
811 1497 985 1580 epistulam
1002 1499 1043 1564 de
1066 1516 1131 1578 qua
1146 1496 1286 1579 scriptor
1311 1494 1408 1563 orati-

244 1602 315 1670 onis
339 1607 404 1685 περὶ
426 1614 475 1680 τῆς
497 1605 720 1690 οωδιιιοιιιίαιῖ)
743 1607 845 1672 verba
868 1603 958 1672 iacit.
999 1605 1085 1671 Nam
1108 1604 1299 1671 Alexander
1323 1607 1409 1668 eante

244 1709 342 1777 talem
366 1709 548 1793 epistulam,
578 1729 661 1792 qnae
690 1709 859 1778 falsarium
890 1717 1062 1794 tantopere
1086 1716 1314 1789 commoveret,
1348 1728 1408 1774 non

243 1816 383 1900 scripsit.
423 1815 486 1884 Hie
509 1828 627 1900 autam,
651 1823 688 1885 ut
710 1817 851 1902 videtur,
876 1836 942 1884 non
965 1817 1083 1884 babuit
1111 1816 1285 1901 epistulam
1310 1834 1410 1897 quan·

245 1925 318 1989 dam
349 1929 426 1991 ante
449 1925 567 2007 oculos,
600 1926 659 1991 sed
681 1924 752 2007 ipse
781 1923 861 1991 fauit
884 1924 1106 1992 Alexandrum
1135 1922 1309 2006 epistulam
1333 1921 1410 1988 seri-

242 2033 384 2113 bentem,
409 2036 446 2097 ut
470 2032 509 2097 de
533 2049 573 2096 aa
597 2030 697 2097 meat:

401 2138 450 2199 διυὶ
484 2147 539 2200 τῶν
576 2135 753 2218 πραγμάτων
787 2139 922 2215 πολέμιον
959 2145 1016 2216 πῦρ
1054 2134 1253 2217 προαγορεύει·
1288 2131 1362 2214 αὕτη
1395 2134 1411 2212 ἡ

397 2242 582 2324 Ἀλεξάνδρον
620 2240 754 2322 ἐπιστολὴ
792 2240 939 2325 συνέτριβέ
976 2267 1032 2321 μου
1068 2240 1118 2322 τὴν
1156 2239 1293 2304 διάνοιαν·
1341 2238 1409 2319 αὕτη

401 2349 526 2430 πόλεμον
558 2356 588 2412 ἐν
618 2347 698 2427 τύπῳ
733 2348 909 2432 γραμμάτων
935 2355 1108 2431 περιέχουσα
1130 2349 1217 2428 μόνον
1238 2348 1289 2411 ουἰκ
1313 2351 1409 2410 ἐπιλα-

401 2460 506 2537 βομένη
535 2483 591 2538 μου
619 2467 670 2540 τῆς
698 2454 792 2540 χειρὸς
814 2453 962 2538 ἐξήγειρεν,
996 2453 1067 2535 αὕτη
1089 2459 1264 2536 πορευομένη
1286 2453 1338 2516 διὰ
1358 2463 1409 2517 τῶν

400 2565 541 2645 λογισμῶν
558 2563 612 2644 ’τὴν
635 2568 752 2648 ἡσυχίαν
776 2560 853 2646 ἄγειν
875 2563 926 2625 οὐκ
949 2568 1117 2646 ἐπέτρεψεν.

332 2685 521 2752 Ammonius
533 2683 732 2770 (adAristot.
746 2693 890 2770 salegon.
903 2687 953 2752 ed.
967 2685 1053 2768 Aldi,
1068 2684 1217 2752 Venetiis
1228 2683 1410 2753 MDXLVI
1492 2665 1493 2678 ¹

243 2792 298 2859 fol.
323 2789 378 2876 7⁸)
401 2792 482 2858 haee
505 2792 594 2857 dieit.

400 2895 516 2978 Μερικά
548 2900 600 2977 μὲν
631 2893 680 2961 οὖν
707 2903 784 2960 ἐστιν
807 2896 863 2961 ὅσα
886 2898 958 2978 πρός
980 2921 1060 2972 τινας
1082 2902 1142 2977 ἰδίᾳ
1165 2904 1340 2980 γέγραπται,
1374 2903 1409 2972 ὡς

401 3007 559 3086 ἐπιστολαί,
588 3001 685 3084 ίγὸσα
707 3008 864 3086 ἐρωτηθεὶς
887 3002 943 3068 ὑπό
960 3003 1150 3085 Ἀλεξάνδρον
1171 3016 1223 3068 τοῦ
1237 3005 1408 3078 Μακεδόνος

400 3115 469 3193 πνρί
494 3134 525 3173 τε
555 3113 706 3194 βασιλείας
737 3115 786 3173 καὶ
818 3107 897 3184 ὅπως
923 3118 970 3174 δεῖ
997 3110 1051 3183 τὰς
1080 3113 1218 3184 ἀποικίας
1255 3122 1408 3176 ποιεῖσθαι

400 3218 568 3299 rusioru-

331 3340 542 3410 Aristotelem
572 3341 673 3410 libros
704 3345 745 3411 de
773 3363 875 3426 ragno
909 3350 944 3411 et
972 3345 1012 3411 de
1043 3345 1163 3411 oolonis
1197 3343 1407 3412 instituendis

242 3448 430 3516 Alexandro
443 3449 568 3517 misisse
584 3450 742 3517 traditum
759 3450 855 3540 esti).
885 3451 949 3534 Qui
964 3450 1041 3518 libri
1057 3451 1219 3534 quoniam,
1235 3457 1406 3534 postquam

331 3625 354 3695 ι)
373 3627 414 3682 df.
432 3625 501 3681 Plnt.
520 3625 566 3680 vit.
584 3626 721 3681 Demosth.
743 3629 802 3696 XX,
820 3627 850 3694 43
878 3627 974 3681 Justin.
989 3632 1036 3698 XI,
1056 3629 1112 3698 2,u;
1130 3629 1235 3683 Diodor.
1245 3627 1334 3685 XVII
1343 3629 1368 3696 4,
1380 3629 1404 3684 8.

331 3714 354 3784 ’)
372 3714 471 3785 Haupt,
490 3714 603 3768 Hennes
621 3714 690 3769 XIII
709 3713 802 3784 (1878)
820 3731 845 3783 p.
866 3715 919 3770 493
937 3716 974 3770 fr.
990 3719 1034 3774 48.
1061 3716 1137 3771 Hane
1155 3717 1301 3771 orationem
1318 3716 1405 3770 subdi-

242 3805 296 3858 tam
322 3819 381 3859 esse
407 3804 530 3859 viderunt
556 3803 669 3874 Sauppe,
697 3806 769 3863 Orat.
801 3806 855 3862 Art.
886 3805 922 3875 H,
950 3807 1003 3863 812
1028 3820 1068 3875 sq.
1087 3805 1198 3870 Sehoell,
1226 3805 1340 3859 Hermes
1366 3804 1405 3858 lII

242 3893 333 3962 (1869)
360 3909 386 3961 p.
415 3891 467 3946 278
494 3908 532 3961 sq.
560 3893 690 3964 Droyssn,
719 3893 795 3949 Alex.
815 3893 912 3963 (Gotha
940 3896 1022 3964 1877)
1049 3895 1085 3965 ll,
1113 3913 1139 3966 p.
1158 3894 1226 3967 405,
1250 3893 1332 3964 Diels,
1355 3893 1403 3947 Rh.

241 3980 309 4036 llus.
328 3983 421 4040 XXIX
439 3981 529 4052 (1874)
547 3998 573 4050 p.
595 3983 652 4039 107.

331 4068 412 4140 ⁶)(rf.
435 4069 553 4124 Indidem
575 4068 634 4127 libr.
651 4069 758 4124 Aristot.
786 4072 857 4138 apud
874 4071 956 4140 Diog.
979 4072 1066 4126 Iuert.
1093 4072 1127 4141 V,
1154 4073 1215 4142 1,12
1243 4074 1271 4126 et
1294 4072 1403 4126 indicem

242 4157 384 4228 Anonymi,
402 4159 432 4211 in
454 4166 505 4226 quo
523 4157 591 4212 liber
618 4158 650 4211 de
676 4173 758 4226 ragno
787 4157 827 4212 bis
854 4162 1024 4229 memoratur,
1044 4166 1071 4214 et
1097 4160 1211 4216 indicem
1243 4177 1278 4216 ex
1296 4161 1405 4217 Arubiea
