3008 4614
654 147 719 216 137

96 346 258 414 niabatur
280 351 338 412 aut
354 345 579 413 Alexandrum
602 345 804 430 increpabat,
826 344 896 412 sine
912 345 1009 412 dubio
1024 343 1160 428 respicit
1174 345 1267 412 Plut

97 453 221 519 archus
245 470 318 519 curu
342 451 463 519 ibidem
487 451 581 520 dicit:

261 564 433 649 ἐγκαλούσης
459 568 490 628 δὲ
514 563 731 652 (occansione)
754 564 856 649 πρᾴως
878 563 963 648 ipepe
987 562 1197 653 (Ἀλέξανδρος)
1220 564 1271 648 τὴν

260 672 451 754 χαλεπότητα.

190 788 417 872 Olympiadem
441 788 484 853 ad
507 786 733 854 Alexandrum
757 786 930 869 epistulam
954 788 1093 870 dedisse,
1118 806 1181 869 qua
1197 806 1270 856 eum

96 893 302 978 admoneret,
327 899 363 960 nt
385 911 545 961 aveneuo
562 891 705 975 Philippi
727 891 842 960 medici
865 900 1007 974 caveret,
1022 896 1129 963 tradit
1144 894 1270 962 Seneca

97 1002 153 1069 De
173 1000 225 1069 ira
247 1001 291 1083 H,
316 997 414 1085 233:

261 1106 389 1190 Quanto
435 1104 613 1173 animosius
655 1105 869 1173 Alexander?
914 1107 970 1189 qui
1014 1126 1087 1174 curn
1132 1109 1270 1192 legisset

262 1213 435 1298 epistulam
465 1213 594 1296 matris,
632 1231 696 1294 qua
730 1214 985 1298 admonebatur,
1016 1221 1054 1282 ut
1087 1234 1108 1281 a
1141 1233 1269 1286 veneno

260 1317 404 1402 Philippi
433 1319 552 1386 medici
580 1327 721 1401 caveret,
746 1325 917 1404 acceptam
939 1319 1103 1403 potionem
1125 1341 1190 1390 non
1215 1323 1270 1390 de·

260 1426 397 1493 territus
420 1424 513 1493 bibit.
1183 1429 1185 1433 '

97 1533 182 1599 Oum
199 1533 381 1615 complures
393 1548 501 1598 rerum
515 1531 690 1614 scriptores
698 1530 721 1617 1)
732 1531 819 1598 banc
831 1532 1003 1615 epistulam
1018 1552 1040 1599 a
1053 1535 1270 1603 Parmenione

98 1643 215 1706 datam
239 1656 312 1706 esse
334 1643 501 1707 testentur
522 1637 693 1720 potiusque
707 1638 968 1725 Parmenionem,
984 1639 1041 1721 qui
1055 1642 1125 1724 ipse
1140 1640 1173 1708 in
1190 1644 1271 1710 Asta

98 1750 185 1830 erat,
221 1764 317 1827 qnam
348 1743 573 1828 Olympiadem
605 1744 645 1809 de
673 1743 777 1812 Darei
811 1752 845 1811 et
867 1743 1011 1829 Philippi
1043 1745 1171 1815 insidiis
1194 1749 1271 1816 sori-

96 1852 205 1934 psisse
228 1858 482 1919 consentaneum
506 1851 560 1934 sit,
592 1851 801 1933 inpromptu
825 1857 878 1917 est
901 1852 1059 1920 Senecam
1084 1853 1270 1922 confudisse

99 1958 330 2043 Olympiadem
347 1977 418 2024 cum
434 1957 661 2043 Parmenione,
678 1957 769 2040 ouius
785 1957 907 2024 erroris
921 1959 1008 2026 hanc
1021 1958 1123 2028 iuIsse
1139 1978 1270 2028 causam

97 2064 225 2148 opinor.
272 2063 437 2131 Diodorus
461 2063 570 2148 XVII,
607 2067 684 2150 31,4
707 2081 788 2146 sqq,
812 2062 868 2131 ubi
891 2066 932 2132 de
953 2065 1137 2133 Alexandri
1158 2071 1270 2136 morbo

98 2177 136 2239 et
161 2173 201 2239 de
224 2168 375 2256 Philippo
399 2171 524 2237 medico
548 2175 672 2250 narrat,
695 2170 791 2255 bujm
815 2171 974 2254 epistulae
997 2174 1119 2240 nullam
1135 2175 1271 2243 mentio-

97 2297 175 2345 nem
214 2276 312 2358 iacit,
344 2277 402 2344 sed
432 2277 532 2344 aliam
563 2275 655 2362 (ibid.
686 2297 712 2344 o.
745 2275 1063 2362 subsumptam
1098 2279 1270 2364 epistulam

97 2382 207 2465 affert,
239 2402 324 2467 quae
354 2402 419 2451 non
449 2383 491 2450 de
521 2382 692 2469 Philippo,
728 2385 788 2451 sed
817 2386 858 2451 de
885 2385 1075 2452 Alexandro
1103 2386 1270 2471 Lyncesta

97 2497 181 2559 erat.
227 2490 263 2558 Si
295 2489 397 2572 igitur
427 2489 554 2557 Seneca
583 2491 670 2557 bunc
698 2489 834 2558 Diodori
860 2490 966 2558 locum
993 2493 1184 2559 recordatus
1207 2502 1268 2579 est,

98 2618 176 2666 curn
199 2599 240 2663 de
262 2597 325 2663 hac
348 2597 576 2676 rescriberet,
601 2596 753 2678 quonlam
777 2597 933 2665 traditum
957 2603 1031 2664 erat
1045 2598 1270 2667 Alexandrum

98 2704 244 2789 epistula
274 2702 476 2770 admonitum
505 2721 585 2783 esse,
616 2708 652 2769 ut
679 2722 701 2769 a
731 2721 858 2772 veneno
880 2702 1024 2786 Philippi
1047 2713 1193 2791 careret,
1215 2727 1271 2791 po·

98 2807 195 2878 terat'
218 2809 253 2877 in
283 2828 426 2877 errorem
457 2809 569 2876 induci
598 2809 838 2893 epistulamque
868 2810 1130 2878 aParmenione
1160 2814 1270 2880 datam

101 2916 294 3002 Olympiadi
318 2915 512 3000 attribuere,
537 2935 731 2999 quamquam
754 2915 811 2982 illa
833 2935 898 2984 non
922 2916 1139 3002 dePbilippo,
1156 2921 1271 2988 sedda

102 3025 293 3094 Alexandro
309 3025 474 3106 Lyncesta
490 3022 680 3106 scripserat.
718 3022 900 3105 Utcumque
916 3035 1023 3091 autem
1040 3043 1145 3092 resse
1161 3027 1270 3107 habet,

102 3130 249 3214 epistula
279 3128 356 3210 quin
385 3147 467 3198 vera
488 3127 542 3213 sit,
566 3135 705 3197 nonest
729 3129 876 3197 dubium:
900 3130 1071 3200 falsarium
1096 3132 1180 3199 enim
1202 3133 1271 3201 ani·

99 3257 315 3268 -n-—n—

194 3307 216 3376 1)
234 3306 306 3364 Plut
324 3307 371 3361 rit.
401 3305 479 3362 Alex.
497 3305 582 3377 XIX3
605 3304 708 3361 Arrian.
727 3305 762 3376 II,
781 3308 834 3378 Ab.
869 3307 964 3365 Zonar.
981 3308 1029 3378 IV,
1049 3309 1065 3363 9
1072 3331 1079 3380 ;
1113 3307 1272 3390 themistius

103 3399 168 3452 orat.
196 3398 245 3465 XI,
273 3395 342 3452 152⁶
361 3412 399 3466 sq.
422 3395 545 3454 Iustinus
569 3399 616 3465 xl,
639 3399 684 3465 8,5
707 3412 763 3466 sqq.
800 3395 907 3452 Ourtius
931 3397 981 3466 III,
1006 3397 1059 3466 VI,
1083 3399 1126 3467 14,
1151 3399 1196 3468 qui
1218 3415 1271 3452 non

103 3485 195 3555 filium,
212 3487 243 3538 ut
260 3483 297 3538 ait
314 3483 479 3554 Plutarchus,
498 3487 546 3540 sed
563 3500 680 3539 sororem
698 3500 775 3539 suam
793 3485 909 3540 Dareum
926 3485 1048 3556 Philippo
1065 3486 1093 3540 in
1110 3487 1273 3542 mammoni-

103 3591 150 3628 um
168 3573 322 3642 promisisse
340 3573 411 3628 dicit.
448 3573 554 3630 Curtius
578 3573 658 3628 etiarn
681 3591 742 3628 oum
760 3575 865 3630 Justino
887 3573 1029 3644 discrepat:
1057 3575 1178 3630 Jusdnus
1201 3576 1273 3631 enim

103 3663 166 3718 ibid.
185 3661 247 3716 dicit
264 3661 466 3716 Parmenionem
490 3661 612 3730 ignarum
635 3649 794 3717 infirmitatis
812 3661 958 3718 Alexandri
979 3663 1122 3734 scripsisse.
1167 3663 1273 3719 Oortius

104 3751 152 3822 Vi,
181 3749 261 3819 10,40
286 3749 353 3804 haec
380 3749 444 3804 tecit
471 3747 601 3804 Philotam
630 3750 774 3808 dicentem:
805 3753 945 3803 ‘Parmenio
976 3753 1052 3820 maim,
1079 3770 1135 3804 reem
1158 3754 1275 3823 asede'sset,

105 3857 224 3890 venereum
237 3857 254 3888 a
267 3840 381 3907 Philippo
397 3840 487 3890 medico
500 3841 556 3906 regi
568 3841 672 3908 parari,
690 3843 812 3892 deterrere
826 3857 880 3892 eum
898 3842 978 3892 vomit
988 3842 1091 3912 epistula
1108 3843 1208 3912 scripta,
1226 3859 1273 3909 qua

0 3914 1 3923 ἵ
105 3930 189 3979 minus
210 3929 414 3979 medicamentum
440 3929 541 3994 biberet,
567 3930 634 3994 quad
661 3928 767 3978 medicus
789 3931 849 3980 dare
871 3924 1051 3983 carurtituerat.³
1093 3927 1145 3982 Sed
1171 3945 1206 3983 ex
1229 3928 1272 3982 his

107 4014 219 4084 ubisque
239 4014 310 4070 haud
333 4014 422 4084 magni
444 4015 573 4069 momenti
594 4015 776 4085 mserapanuis
802 4031 894 4085 perum
921 4017 993 4070 reete
1011 4014 1130 4070 Pridicus
1155 4014 1228 4086 (ibid.
1247 4034 1272 4087 p.

107 4103 170 4174 lis)
188 4104 222 4158 de
240 4103 368 4174 epistulae
393 4103 505 4158 veritate
522 4103 633 4172 judicat:
660 4102 720 4158 illae
738 4105 810 4158 enim
828 4120 844 4157 a
866 4119 956 4158 rerum
974 4104 1144 4174 scriptoribus
1162 4105 1272 4174 posteri-

107 4192 158 4247 oris
177 4192 270 4248 aetate
282 4195 354 4248 ortae
372 4192 480 4247 minIme
494 4193 527 4247 ad
546 4191 685 4262 epistulam
702 4193 787 4263 ipsam
805 4193 916 4263 ejusque
928 4195 1114 4264 argumentum
1130 4194 1272 4263 pertinent.

1300 765 1309 796 Ι
