3016 4612
513 1045 572 1140 lle
603 1043 808 1142 lontibus.
871 1005 875 1016 ¹

176 1249 216 1314 ln
251 1247 416 1314 nonnullis
443 1259 591 1314 veterum
626 1246 819 1329 scriptorum
852 1245 945 1324 libris
980 1245 1110 1329 saepius
1136 1247 1260 1328 legitur

87 1355 309 1422 Alexandrum
333 1352 624 1436 Olympiademque
640 1351 795 1434 epistulas
819 1357 852 1418 et
876 1351 1004 1418 dedisse
1028 1359 1060 1420 et
1084 1353 1259 1434 aooepisse.

89 1463 235 1545 Quarum
260 1479 342 1542 quae
365 1461 408 1526 nd
431 1479 490 1525 nos
506 1467 729 1541 pervenerunt
750 1458 908 1539 reliquiae
931 1460 1039 1526 adbuo
1062 1458 1260 1525 dubitationi

88 1567 248 1635 obnoxiae
264 1575 355 1632 sunt:
379 1584 455 1631 nam
470 1567 616 1646 antiquis
632 1565 832 1647 temporibus
849 1563 951 1630 fuisse
973 1566 1026 1647 qui
1049 1565 1120 1631 sive
1135 1563 1261 1646 ingenii

88 1673 265 1740 exercendi
285 1672 536 1752 ostentandiqne
560 1673 630 1738 sive
653 1669 736 1737 lueri
759 1670 905 1736 faciendi
929 1689 1028 1736 causa
1037 1671 1060 1756 1)
1082 1671 1139 1736 illo
1162 1671 1259 1736 Atta·

86 1781 191 1847 lorum
215 1785 313 1860 atque
336 1779 595 1844 Ptolemaeorum
620 1777 729 1843 studio
753 1777 853 1843 libros
877 1776 1022 1858 quolibet
1045 1777 1151 1860 pretio
1175 1775 1260 1842 redi-

87 1885 199 1952 mendi
210 1883 337 1950 inducti
351 1903 416 1949 non
429 1883 532 1950 solum
544 1883 656 1963 libros,
675 1883 844 1950 sedetiam
858 1880 1016 1965 epistulas
1028 1892 1261 1965 componerent

86 1992 235 2073 virisque
265 1989 446 2058 illustribus
476 1991 653 2057 subderent
685 1997 718 2058 et
747 1990 907 2056 traditum
930 1989 1012 2075 esu)
1037 1996 1070 2054 et
1094 2007 1135 2054 ex
1164 1988 1260 2055 libris

87 2098 282 2180 quibusdam
299 2095 514 2180 epistolisque
530 2097 712 2176 luculenter
728 2106 877 2182 apparet.
910 2097 966 2173 Ae
982 2115 1023 2163 ne
1035 2093 1259 2162 Alexandrum

91 2205 221 2285 quidem
246 2203 433 2286 neglectum
458 2221 529 2269 esse
554 2222 575 2267 a
604 2202 749 2270 falsariis
773 2211 832 2269 aut
855 2201 1082 2285 Olympiadem
1106 2201 1173 2268 rati
1195 2201 1261 2270 viri

90 2311 179 2376 docti
204 2309 402 2393 jampridem
431 2309 466 2374 in
496 2309 625 2375 illorum
656 2328 782 2390 quoqne
818 2309 976 2392 epistulas
1007 2307 1261 2393 inquisiverunt,

90 2417 148 2482 sed
173 2433 253 2496 quas
278 2417 319 2482 de
349 2415 390 2481 iis
422 2415 577 2482 dixerunt
606 2413 791 2482 sententiae
819 2421 853 2482 et
882 2415 971 2482 inter
1002 2433 1037 2481 se
1072 2415 1262 2497 plerumque

91 2521 282 2604 discrepant
298 2540 404 2603 neque
420 2530 570 2590 veterum
586 2521 783 2588 testimoniis
798 2521 1066 2605 argumentisque
1082 2520 1163 2587 satis
1187 2539 1261 2587 oon-

61 2615 242 2695 ⁸firmatae
266 2645 337 2694 esse
367 2627 531 2711 videntur,
563 2646 759 2708 quamquam
790 2629 853 2693 hae
876 2627 910 2694 in
933 2646 971 2692 re
1001 2628 1129 2693 lubrica
1163 2626 1261 2694 certis

181 2805 203 2872 ¹)
222 2804 307 2858 David
325 2803 419 2873 (Elias)
439 2802 542 2856 Sobobe
559 2804 587 2856 in
605 2801 712 2857 Aristot.
731 2803 843 2857 Brandis
861 2820 886 2871 p.
901 2803 965 2871 ⁶17⁸,
990 2804 1026 2858 46
1044 2818 1101 2872 sqq.
1120 2803 1188 2856 κατὰ
1206 2797 1262 2856 διά-

89 2912 165 2963 τορον
183 2888 210 2944 δὲ
230 2892 328 2962 τρόπον
345 2893 444 2960 γίνεται
461 2886 542 2943 νόθον
560 2885 717 2962 σύγγραμμα
735 2888 780 2943 διὰ
798 2889 950 2960 φιλοτιμίαν
967 2888 1025 2952 deoc
1042 2887 1194 2953 κενοδοξίαν
1211 2934 1216 2946 ,
1234 2932 1261 2949 ,,

89 2982 159 3034 κατὰ
181 2982 270 3052 τρίτον
294 2977 322 3032 δὲ
345 2985 442 3052 τρόπον
463 2983 562 3050 γίνεται
585 2981 668 3033 νόθον
693 2982 848 3052 σύγγραμμα
867 2975 896 3034 δι’
911 2974 1128 3051 αἰσχροκέρδειαν,
1147 2981 1181 3037 ὡς
1199 2976 1263 3034 όταν

57 3079 61 3083 ’
89 3088 130 3124 τις
147 3065 305 3137 βουλόμενος
321 3061 403 3139 πόρον
422 3067 503 3135 ἑαυτῷ
520 3061 743 3139 περιποιήσασθαι
766 3065 863 3140 ποιήσῃ
888 3069 1045 3140 σύγγραμμα
1067 3074 1112 3121 nul
1131 3063 1263 3142 ἐπιγράψῃ

91 3156 202 3226 άρχαιόυ
220 3157 289 3212 τινὸς
305 3154 390 3225 ’όνομα
407 3155 461 3216 ντλ,

183 3245 204 3314 ²)
223 3246 372 3316 Simplioius
390 3247 417 3298 in
436 3247 550 3314 detegor.
568 3246 663 3301 Venet.
685 3247 754 3303 1499
772 3245 816 3300 fol.
835 3243 927 3304 Aa=
939 3247 964 3300 6.
990 3244 1145 3318 πολλὰγὰρ
1163 3242 1263 3319 ἐγράφη

91 3339 138 3386 καὶ
155 3329 224 3387 νόθα
242 3333 333 3403 βιβλία
350 3332 406 3387 κατ’
422 3332 519 3386 ἐκεῖνον
530 3328 646 3402 μάλιστα
658 3333 703 3386 τόν
717 3330 818 3404 χρόνον,
837 3329 877 3386 ότι
888 3333 984 3388 πολλοὶ
997 3335 1049 3387 τῶν
1068 3335 1193 3404 βασιλέοιν
1204 3341 1265 3408 περὶ

92 3423 139 3478 τός
157 3417 329 3491 βιβλιοθήκας
354 3419 549 3492 σπουδάζοντες,
572 3421 672 3475 πολλοῦ
690 3424 794 3492 χρυσίου
816 3423 850 3475 τό
876 3421 1059 3490 όπεξονωμένα
1080 3423 1132 3476 τῶν
1154 3423 1265 3493 βιβλίον

93 3509 213 3564 mano.
224 3511 347 3569 elenen.
358 3511 544 3569 uenasnom.
554 3511 575 3580 1,
585 3512 628 3579 42,
638 3512 690 3573 vol.
700 3512 762 3581 xv,
772 3528 797 3581 p.
810 3515 861 3570 roo
872 3513 912 3568 eu.
925 3513 1020 3566 num:
1035 3517 1100 3583 πρυ
1109 3513 1159 3584 γὰρ
1168 3513 1227 3568 τοι
1236 3511 1264 3566 a

6 3643 7 3646 ,
92 3596 283 3668 Ἀλεξανδρείᾳ
300 3618 327 3652 τε
345 3603 390 3650 καί
408 3601 541 3670 Περγάμῳ
559 3600 681 3668 γενέσθαι
699 3599 826 3669 βασιλεῖς,
851 3598 893 3652 ἐπὶ
911 3602 998 3668 κτήσει
1016 3599 1137 3653 παλαιῶν
1155 3599 1265 3670 βιβλίων

93 3687 321 3757 φιλοτιμηθέντας,
340 3685 441 3741 οίδίπω
459 3685 561 3759 ψευδῶς
579 3687 754 3759 ἐπεγέγραπτο
773 3683 939 3761 ου’γγραμμα.
958 3685 1103 3758 λαμβάνειν
1115 3685 1139 3740 δ
1151 3687 1265 3760 άρξαμί

91 3796 146 3828 νων
163 3777 261 3845 μισθὸν
277 3776 330 3828 τῶν
347 3772 507 3844 νομιζόντων
527 3775 614 3833 uineis
633 3770 825 3849 συγγράμματα
842 3778 959 3832 παλαιοῦ
976 3796 1047 3833 τινος
1065 3771 1166 3846 ἀνδρός,
1185 3771 1265 3833 οὕτως

92 3861 143 3932 ήδη
167 3863 255 3918 πολλὰ
277 3862 379 3934 ψευδῶς
402 3861 590 3939 ἐπιγράφοντες
612 3865 740 3936 ἐνόμιζον.
767 3869 795 3923 ei
816 3868 878 3922 ibid.
906 3871 1046 3924 oomment.
1089 3865 1132 3936 H,
1154 3882 1263 3936 prooem.

92 3969 120 4022 p.
140 3953 192 4008 109
211 3950 239 4006 ἐν
256 3951 308 4024 γόιρΙ
324 3955 360 4020 τῷ
378 3955 446 4007 κατά
462 3956 521 4011 τοὺς
532 3947 703 4012 Ἀτταλιιιοόὲ
719 3975 746 4008 τε
765 3960 809 4008 καί
827 3953 1023 4024 Πτολαμαϊιιοὺς
1040 3951 1164 4024 βασιλέας
1181 3957 1265 4025 χρόνῳ

92 4041 163 4112 πρός
181 4039 309 4107 ἀλλήλους
327 4040 617 4112 άντιφιλοπιμουμίνους
629 4049 690 4113 περὶ
701 4045 811 4110 κτήσεως
823 4041 932 4111 βιβλίων
949 4042 966 4110 ή
985 4049 1044 4114 περὶ
1060 4043 1108 4099 τὰς
1119 4037 1268 4114 ἐπιγραφάς

94 4149 122 4181 τε
138 4135 185 4181 καί
213 4126 350 4186 διασιωυὰς
373 4129 458 4182 αὐτῶν
479 4129 577 4200 ήρξσςο
603 4133 739 4200 γίγνεσθαι
757 4118 912 4202 ῥήδιουργία
935 4131 991 4187 ςοῖς
1015 4129 1090 4183 ἕνεκα
1110 4132 1156 4184 τοῦ
1174 4131 1267 4200 λαβεῖν

95 4215 216 4288 άργόριον
235 4217 412 4290 ἀναφέρουσιν
430 4219 463 4275 ὡς
480 4222 540 4275 τοὺς
558 4219 680 4289 βασιλέας
698 4217 800 4290 ἀνδρῶν
819 4215 929 4280 ἐνδόξων
949 4213 1145 4288 συγγράμματα,

1090 4310 1105 4364 1
