<?xml version="1.0" encoding="UTF-8"?>
<!DOCTYPE html PUBLIC "-//W3C//DTD XHTML 1.0 Transitional//EN"
    "http://www.w3.org/TR/xhtml1/DTD/xhtml1-transitional.dtd">
<html xmlns="http://www.w3.org/1999/xhtml" xml:lang="en" lang="en">
 <head>
  <title>
</title>
<meta http-equiv="Content-Type" content="text/html;charset=utf-8" />
  <meta name='ocr-system' content='tesseract 3.04.00' />
  <meta name='ocr-capabilities' content='ocr_page ocr_carea ocr_par ocr_line ocrx_word'/>
</head>
<body>
  <div class='ocr_page' id='page_1' title='image "./dealexandriolym00zumegoog_0144.png"; bbox 0 0 3008 4614; ppageno 0'>
   <div class='ocr_carea' id='block_1_1' title="bbox 676 141 740 211">
    <p class='ocr_par' dir='ltr' id='par_1_1' title="bbox 676 141 740 211">
     <span class='ocr_line' id='line_1_1' title="bbox 676 141 740 211; baseline 0.047 -3"><span class='ocrx_word' id='word_1_1' title='bbox 676 141 740 211; x_wconf 85' lang='lat'>133</span> 
     </span>
    </p>
   </div>
   <div class='ocr_carea' id='block_1_2' title="bbox 119 336 1291 1272">
    <p class='ocr_par' dir='ltr' id='par_1_2' title="bbox 119 336 1291 1165">
     <span class='ocr_line' id='line_1_2' title="bbox 123 336 1291 422; baseline 0.003 -20"><span class='ocrx_word' id='word_1_2' title='bbox 123 338 214 404; x_wconf 85' lang='lat' dir='ltr'>fama</span> <span class='ocrx_word' id='word_1_3' title='bbox 229 344 295 405; x_wconf 88' lang='lat' dir='ltr'>tam</span> <span class='ocrx_word' id='word_1_4' title='bbox 312 339 509 422; x_wconf 80' lang='lat' dir='ltr'>pervulgata</span> <span class='ocrx_word' id='word_1_5' title='bbox 524 343 606 422; x_wconf 90' lang='lat' dir='ltr'>erat,</span> <span class='ocrx_word' id='word_1_6' title='bbox 624 344 661 405; x_wconf 88' lang='lat' dir='ltr'>ut</span> <span class='ocrx_word' id='word_1_7' title='bbox 675 338 821 406; x_wconf 79' lang='lat' dir='ltr'>hominen</span> <span class='ocrx_word' id='word_1_8' title='bbox 836 336 1026 420; x_wconf 73' lang='lat' dir='ltr'>posterioris</span> <span class='ocrx_word' id='word_1_9' title='bbox 1042 336 1161 405; x_wconf 86' lang='lat' dir='ltr'>aetatis</span> <span class='ocrx_word' id='word_1_10' title='bbox 1177 337 1291 419; x_wconf 80' lang='lat' dir='ltr'>rogere</span> 
     </span>
     <span class='ocr_line' id='line_1_3' title="bbox 122 440 1288 526; baseline -0.001 -16"><span class='ocrx_word' id='word_1_11' title='bbox 122 462 187 510; x_wconf 92' lang='lat' dir='ltr'>non</span> <span class='ocrx_word' id='word_1_12' title='bbox 211 451 329 526; x_wconf 86' lang='lat' dir='ltr'>posset.</span> <span class='ocrx_word' id='word_1_13' title='bbox 364 444 548 512; x_wconf 86' lang='lat' dir='ltr'>Falsarium</span> <span class='ocrx_word' id='word_1_14' title='bbox 566 452 676 512; x_wconf 88' lang='lat' dir='ltr'>autem</span> <span class='ocrx_word' id='word_1_15' title='bbox 691 449 807 511; x_wconf 86' lang='lat' dir='ltr'>eontra</span> <span class='ocrx_word' id='word_1_16' title='bbox 828 440 949 510; x_wconf 84' lang='lat' dir='ltr'>famam</span> <span class='ocrx_word' id='word_1_17' title='bbox 973 449 1040 509; x_wconf 90' lang='lat' dir='ltr'>tam</span> <span class='ocrx_word' id='word_1_18' title='bbox 1062 442 1288 526; x_wconf 83' lang='lat' dir='ltr'>peruulgatam</span> 
     </span>
     <span class='ocr_line' id='line_1_4' title="bbox 121 549 1288 634; baseline -0.001 -18"><span class='ocrx_word' id='word_1_19' title='bbox 121 549 290 633; x_wconf 76' lang='lat' dir='ltr'>scripsisse</span> <span class='ocrx_word' id='word_1_20' title='bbox 307 551 463 619; x_wconf 82' lang='lat' dir='ltr'><strong>credibile</strong></span> <span class='ocrx_word' id='word_1_21' title='bbox 478 570 544 618; x_wconf 92' lang='lat' dir='ltr'>non</span> <span class='ocrx_word' id='word_1_22' title='bbox 568 555 628 618; x_wconf 90' lang='lat' dir='ltr'>est.</span> <span class='ocrx_word' id='word_1_23' title='bbox 662 552 740 634; x_wconf 90' lang='lat' dir='ltr'>Ipsa</span> <span class='ocrx_word' id='word_1_24' title='bbox 757 549 858 633; x_wconf 77' lang='lat' dir='ltr'>igitur</span> <span class='ocrx_word' id='word_1_25' title='bbox 880 549 994 616; x_wconf 92' lang='lat' dir='ltr'>horum</span> <span class='ocrx_word' id='word_1_26' title='bbox 1017 551 1193 617; x_wconf 84' lang='lat' dir='ltr'>verborum</span> <span class='ocrx_word' id='word_1_27' title='bbox 1216 568 1288 615; x_wconf 90' lang='lat' dir='ltr'>oum</span> 
     </span>
     <span class='ocr_line' id='line_1_5' title="bbox 122 654 1289 741; baseline -0.001 -19"><span class='ocrx_word' id='word_1_28' title='bbox 122 657 278 725; x_wconf 90' lang='lat' dir='ltr'>memoria</span> <span class='ocrx_word' id='word_1_29' title='bbox 308 657 534 740; x_wconf 78' lang='lat' dir='ltr'>discrepantia</span> <span class='ocrx_word' id='word_1_30' title='bbox 562 657 723 741; x_wconf 85' lang='lat' dir='ltr'>epistulae</span> <span class='ocrx_word' id='word_1_31' title='bbox 752 655 928 725; x_wconf 88' lang='lat' dir='ltr'>veritatem</span> <span class='ocrx_word' id='word_1_32' title='bbox 959 655 1138 723; x_wconf 86' lang='lat' dir='ltr'>confirmat.</span> <span class='ocrx_word' id='word_1_33' title='bbox 1184 654 1289 738; x_wconf 81' lang='lat' dir='ltr'>Quam</span> 
     </span>
     <span class='ocr_line' id='line_1_6' title="bbox 119 761 1291 847; baseline -0.002 -17"><span class='ocrx_word' id='word_1_34' title='bbox 119 783 185 830; x_wconf 93' lang='lat' dir='ltr'>non</span> <span class='ocrx_word' id='word_1_35' title='bbox 210 782 282 831; x_wconf 82' lang='lat' dir='ltr'>esre</span> <span class='ocrx_word' id='word_1_36' title='bbox 302 781 343 830; x_wconf 85' lang='lat' dir='ltr'>ex</span> <span class='ocrx_word' id='word_1_37' title='bbox 366 763 580 847; x_wconf 80' lang='lat' dir='ltr'>epistularum</span> <span class='ocrx_word' id='word_1_38' title='bbox 597 781 733 847; x_wconf 82' lang='lat' dir='ltr'>corpore</span> <span class='ocrx_word' id='word_1_39' title='bbox 749 768 910 845; x_wconf 88' lang='lat' dir='ltr'>sumptam</span> <span class='ocrx_word' id='word_1_40' title='bbox 933 769 1072 847; x_wconf 87' lang='lat' dir='ltr'>apparet</span> <span class='ocrx_word' id='word_1_41' title='bbox 1094 781 1135 830; x_wconf 88' lang='lat' dir='ltr'>ex</span> <span class='ocrx_word' id='word_1_42' title='bbox 1154 761 1291 828; x_wconf 86' lang='lat' dir='ltr'>Arriani</span> 
     </span>
     <span class='ocr_line' id='line_1_7' title="bbox 121 869 1289 953; baseline 0 -17"><span class='ocrx_word' id='word_1_43' title='bbox 121 870 287 952; x_wconf 81' lang='lat' dir='ltr'>Curtiiqne</span> <span class='ocrx_word' id='word_1_44' title='bbox 311 871 430 949; x_wconf 88' lang='lat' dir='ltr'>verbis,</span> <span class='ocrx_word' id='word_1_45' title='bbox 454 870 509 951; x_wconf 88' lang='lat' dir='ltr'>qni</span> <span class='ocrx_word' id='word_1_46' title='bbox 524 889 634 937; x_wconf 90' lang='lat' dir='ltr'>eama</span> <span class='ocrx_word' id='word_1_47' title='bbox 655 870 835 953; x_wconf 74' lang='lat' dir='ltr'>Thersippo</span> <span class='ocrx_word' id='word_1_48' title='bbox 858 869 995 936; x_wconf 89' lang='lat' dir='ltr'>allatam</span> <span class='ocrx_word' id='word_1_49' title='bbox 1017 887 1090 936; x_wconf 90' lang='lat' dir='ltr'>esse</span> <span class='ocrx_word' id='word_1_50' title='bbox 1113 874 1289 936; x_wconf 79' lang='lat' dir='ltr'>testantur.</span> 
     </span>
     <span class='ocr_line' id='line_1_8' title="bbox 119 975 1288 1064; baseline -0.002 -22"><span class='ocrx_word' id='word_1_51' title='bbox 119 976 336 1064; x_wconf 76' lang='lat' dir='ltr'>Koehlerusl)</span> <span class='ocrx_word' id='word_1_52' title='bbox 366 980 457 1045; x_wconf 87' lang='lat' dir='ltr'>reete</span> <span class='ocrx_word' id='word_1_53' title='bbox 486 976 566 1042; x_wconf 87' lang='lat' dir='ltr'>mihi</span> <span class='ocrx_word' id='word_1_54' title='bbox 592 975 724 1046; x_wconf 84' lang='lat' dir='ltr'>videtur</span> <span class='ocrx_word' id='word_1_55' title='bbox 755 976 911 1044; x_wconf 87' lang='lat' dir='ltr'>statuisse</span> <span class='ocrx_word' id='word_1_56' title='bbox 941 995 962 1044; x_wconf 89' lang='lat' dir='ltr'>a</span> <span class='ocrx_word' id='word_1_57' title='bbox 993 975 1186 1044; x_wconf 85' lang='lat' dir='ltr'>Ptolemaeo</span> <span class='ocrx_word' id='word_1_58' title='bbox 1217 993 1288 1041; x_wconf 87' lang='lat' dir='ltr'>eam</span> 
     </span>
     <span class='ocr_line' id='line_1_9' title="bbox 119 1081 586 1165; baseline 0.002 -16"><span class='ocrx_word' id='word_1_59' title='bbox 119 1081 298 1151; x_wconf 87' lang='lat' dir='ltr'>memoriae</span> <span class='ocrx_word' id='word_1_60' title='bbox 319 1083 481 1165; x_wconf 88' lang='lat' dir='ltr'>proditam</span> <span class='ocrx_word' id='word_1_61' title='bbox 505 1101 586 1150; x_wconf 91' lang='lat' dir='ltr'>esse.</span> 
     </span>
    </p>

    <p class='ocr_par' dir='ltr' id='par_1_3' title="bbox 210 1188 1289 1272">
     <span class='ocr_line' id='line_1_10' title="bbox 210 1188 1289 1272; baseline -0.002 -16"><span class='ocrx_word' id='word_1_62' title='bbox 210 1190 401 1256; x_wconf 81' lang='lat' dir='ltr'>Alexander</span> <span class='ocrx_word' id='word_1_63' title='bbox 424 1195 557 1272; x_wconf 84' lang='lat' dir='ltr'>praeter</span> <span class='ocrx_word' id='word_1_64' title='bbox 580 1190 667 1257; x_wconf 88' lang='lat' dir='ltr'>hano</span> <span class='ocrx_word' id='word_1_65' title='bbox 690 1188 864 1272; x_wconf 87' lang='lat' dir='ltr'>epistulam</span> <span class='ocrx_word' id='word_1_66' title='bbox 887 1190 985 1256; x_wconf 80' lang='lat' dir='ltr'>udum</span> <span class='ocrx_word' id='word_1_67' title='bbox 1009 1191 1052 1256; x_wconf 89' lang='lat' dir='ltr'>ad</span> <span class='ocrx_word' id='word_1_68' title='bbox 1067 1189 1212 1256; x_wconf 90' lang='lat' dir='ltr'>Dareum</span> <span class='ocrx_word' id='word_1_69' title='bbox 1236 1189 1289 1254; x_wconf 90' lang='lat' dir='ltr'>de-</span> 
     </span>
    </p>
   </div>
   <div class='ocr_carea' id='block_1_3' title="bbox 22 1294 1289 1378">
    <p class='ocr_par' dir='ltr' id='par_1_4' title="bbox 22 1294 1289 1378">
     <span class='ocr_line' id='line_1_11' title="bbox 22 1294 1289 1378; baseline -0.002 -16"><span class='ocrx_word' id='word_1_70' title='bbox 22 1307 23 1322; x_wconf 63' lang='lat'><em>*</em></span> <span class='ocrx_word' id='word_1_71' title='bbox 120 1296 209 1362; x_wconf 86' lang='lat' dir='ltr'>disse</span> <span class='ocrx_word' id='word_1_72' title='bbox 232 1314 295 1362; x_wconf 94' lang='lat' dir='ltr'>non</span> <span class='ocrx_word' id='word_1_73' title='bbox 319 1295 460 1364; x_wconf 88' lang='lat' dir='ltr'>videtur.</span> <span class='ocrx_word' id='word_1_74' title='bbox 505 1296 633 1363; x_wconf 89' lang='lat' dir='ltr'>Dareus</span> <span class='ocrx_word' id='word_1_75' title='bbox 662 1297 745 1362; x_wconf 88' lang='lat' dir='ltr'>duas</span> <span class='ocrx_word' id='word_1_76' title='bbox 766 1301 880 1364; x_wconf 83' lang='lat' dir='ltr'>tresve</span> <span class='ocrx_word' id='word_1_77' title='bbox 901 1295 1061 1378; x_wconf 87' lang='lat' dir='ltr'>epistulas</span> <span class='ocrx_word' id='word_1_78' title='bbox 1083 1297 1127 1362; x_wconf 92' lang='lat' dir='ltr'>ad</span> <span class='ocrx_word' id='word_1_79' title='bbox 1148 1294 1289 1361; x_wconf 85' lang='lat' dir='ltr'>Alexan-</span> 
     </span>
    </p>
   </div>
   <div class='ocr_carea' id='block_1_4' title="bbox 118 1400 1289 2230">
    <p class='ocr_par' dir='ltr' id='par_1_5' title="bbox 118 1400 1289 1909">
     <span class='ocr_line' id='line_1_12' title="bbox 119 1400 1288 1485; baseline -0.002 -17"><span class='ocrx_word' id='word_1_80' title='bbox 119 1404 213 1468; x_wconf 91' lang='lat' dir='ltr'>drum</span> <span class='ocrx_word' id='word_1_81' title='bbox 230 1403 359 1470; x_wconf 86' lang='lat' dir='ltr'>dedisse</span> <span class='ocrx_word' id='word_1_82' title='bbox 382 1401 498 1482; x_wconf 80' lang='lat' dir='ltr'>fertur,</span> <span class='ocrx_word' id='word_1_83' title='bbox 523 1403 563 1468; x_wconf 93' lang='lat' dir='ltr'>de</span> <span class='ocrx_word' id='word_1_84' title='bbox 587 1421 651 1484; x_wconf 89' lang='lat' dir='ltr'>qua</span> <span class='ocrx_word' id='word_1_85' title='bbox 664 1422 710 1482; x_wconf 87' lang='lat' dir='ltr'>re,</span> <span class='ocrx_word' id='word_1_86' title='bbox 735 1408 888 1485; x_wconf 87' lang='lat' dir='ltr'>utsupra</span> <span class='ocrx_word' id='word_1_87' title='bbox 905 1401 984 1482; x_wconf 87' lang='lat' dir='ltr'>dixi,</span> <span class='ocrx_word' id='word_1_88' title='bbox 1008 1401 1186 1485; x_wconf 83' lang='lat' dir='ltr'>scriptores</span> <span class='ocrx_word' id='word_1_89' title='bbox 1200 1400 1288 1467; x_wconf 90' lang='lat' dir='ltr'>inter</span> 
     </span>
     <span class='ocr_line' id='line_1_13' title="bbox 119 1506 1288 1594; baseline -0.003 -18"><span class='ocrx_word' id='word_1_90' title='bbox 119 1528 153 1576; x_wconf 89' lang='lat' dir='ltr'>se</span> <span class='ocrx_word' id='word_1_91' title='bbox 170 1508 370 1592; x_wconf 82' lang='lat' dir='ltr'>discrepant</span> <span class='ocrx_word' id='word_1_92' title='bbox 393 1507 578 1591; x_wconf 81' lang='lat' dir='ltr'>Utcumque</span> <span class='ocrx_word' id='word_1_93' title='bbox 594 1514 705 1575; x_wconf 91' lang='lat' dir='ltr'>autem</span> <span class='ocrx_word' id='word_1_94' title='bbox 720 1527 775 1576; x_wconf 87' lang='lat' dir='ltr'>res</span> <span class='ocrx_word' id='word_1_95' title='bbox 791 1527 827 1576; x_wconf 86' lang='lat' dir='ltr'>se</span> <span class='ocrx_word' id='word_1_96' title='bbox 843 1510 954 1590; x_wconf 84' lang='lat' dir='ltr'>habet,</span> <span class='ocrx_word' id='word_1_97' title='bbox 972 1507 1120 1594; x_wconf 86' lang='lat' dir='ltr'>exeeptis</span> <span class='ocrx_word' id='word_1_98' title='bbox 1137 1506 1288 1576; x_wconf 87' lang='lat' dir='ltr'>oratoriis</span> 
     </span>
     <span class='ocr_line' id='line_1_14' title="bbox 120 1613 1289 1699; baseline -0.003 -17"><span class='ocrx_word' id='word_1_99' title='bbox 120 1615 314 1696; x_wconf 88' lang='lat' dir='ltr'>quibusdam</span> <span class='ocrx_word' id='word_1_100' title='bbox 328 1613 536 1689; x_wconf 84' lang='lat' dir='ltr'>ornamentis,</span> <span class='ocrx_word' id='word_1_101' title='bbox 553 1614 689 1697; x_wconf 86' lang='lat' dir='ltr'>reliqua,</span> <span class='ocrx_word' id='word_1_102' title='bbox 702 1633 787 1696; x_wconf 88' lang='lat' dir='ltr'>qnae</span> <span class='ocrx_word' id='word_1_103' title='bbox 799 1614 868 1684; x_wconf 85' lang='lat' dir='ltr'>sive</span> <span class='ocrx_word' id='word_1_104' title='bbox 881 1632 923 1681; x_wconf 89' lang='lat' dir='ltr'>ex</span> <span class='ocrx_word' id='word_1_105' title='bbox 934 1614 1082 1698; x_wconf 86' lang='lat' dir='ltr'>epistulis</span> <span class='ocrx_word' id='word_1_106' title='bbox 1095 1615 1289 1699; x_wconf 89' lang='lat' dir='ltr'>deprompta</span> 
     </span>
     <span class='ocr_line' id='line_1_15' title="bbox 119 1720 1288 1804; baseline -0.001 -18"><span class='ocrx_word' id='word_1_107' title='bbox 119 1728 210 1804; x_wconf 88' lang='lat' dir='ltr'>sunt,</span> <span class='ocrx_word' id='word_1_108' title='bbox 241 1720 312 1788; x_wconf 84' lang='lat' dir='ltr'>siue</span> <span class='ocrx_word' id='word_1_109' title='bbox 335 1737 377 1786; x_wconf 84' lang='lat' dir='ltr'>ox</span> <span class='ocrx_word' id='word_1_110' title='bbox 407 1720 591 1800; x_wconf 84' lang='lat' dir='ltr'>mandatis,</span> <span class='ocrx_word' id='word_1_111' title='bbox 623 1737 706 1801; x_wconf 87' lang='lat' dir='ltr'>quaa</span> <span class='ocrx_word' id='word_1_112' title='bbox 734 1720 839 1804; x_wconf 78' lang='lat' dir='ltr'>legati</span> <span class='ocrx_word' id='word_1_113' title='bbox 867 1721 1087 1803; x_wconf 88' lang='lat' dir='ltr'>pertulerant,</span> <span class='ocrx_word' id='word_1_114' title='bbox 1116 1739 1182 1787; x_wconf 94' lang='lat' dir='ltr'>non</span> <span class='ocrx_word' id='word_1_115' title='bbox 1212 1723 1288 1786; x_wconf 90' lang='lat' dir='ltr'>sunt</span> 
     </span>
     <span class='ocr_line' id='line_1_16' title="bbox 118 1825 749 1909; baseline -0.005 -15"><span class='ocrx_word' id='word_1_116' title='bbox 118 1826 210 1906; x_wconf 83' lang='lat' dir='ltr'>talia,</span> <span class='ocrx_word' id='word_1_117' title='bbox 236 1845 321 1908; x_wconf 86' lang='lat' dir='ltr'>quae</span> <span class='ocrx_word' id='word_1_118' title='bbox 343 1825 562 1909; x_wconf 78' lang='lat' dir='ltr'>suspitionem</span> <span class='ocrx_word' id='word_1_119' title='bbox 585 1829 749 1894; x_wconf 85' lang='lat' dir='ltr'>moueant.</span> 
     </span>
    </p>

    <p class='ocr_par' dir='ltr' id='par_1_6' title="bbox 118 1931 1288 2230">
     <span class='ocr_line' id='line_1_17' title="bbox 209 1931 1288 2018; baseline -0.002 -19"><span class='ocrx_word' id='word_1_120' title='bbox 209 1932 368 2016; x_wconf 82' lang='lat' dir='ltr'>Quoniam</span> <span class='ocrx_word' id='word_1_121' title='bbox 399 1935 441 2000; x_wconf 87' lang='lat' dir='ltr'>de</span> <span class='ocrx_word' id='word_1_122' title='bbox 467 1932 651 2000; x_wconf 87' lang='lat' dir='ltr'>Alexandri</span> <span class='ocrx_word' id='word_1_123' title='bbox 686 1931 835 2018; x_wconf 85' lang='lat' dir='ltr'>epistulis</span> <span class='ocrx_word' id='word_1_124' title='bbox 873 1934 953 2000; x_wconf 89' lang='lat' dir='ltr'>satis</span> <span class='ocrx_word' id='word_1_125' title='bbox 992 1933 1174 2018; x_wconf 89' lang='lat' dir='ltr'>disputasse</span> <span class='ocrx_word' id='word_1_126' title='bbox 1209 1931 1288 1998; x_wconf 91' lang='lat' dir='ltr'>mihi</span> 
     </span>
     <span class='ocr_line' id='line_1_18' title="bbox 118 2036 1287 2124; baseline -0.002 -17"><span class='ocrx_word' id='word_1_127' title='bbox 118 2041 248 2121; x_wconf 89' lang='lat' dir='ltr'>videor,</span> <span class='ocrx_word' id='word_1_128' title='bbox 284 2057 370 2107; x_wconf 88' lang='lat' dir='ltr'>nunc</span> <span class='ocrx_word' id='word_1_129' title='bbox 401 2039 604 2124; x_wconf 84' lang='lat' dir='ltr'>Olympiadis</span> <span class='ocrx_word' id='word_1_130' title='bbox 639 2038 798 2124; x_wconf 85' lang='lat' dir='ltr'>epistulas</span> <span class='ocrx_word' id='word_1_131' title='bbox 833 2037 968 2108; x_wconf 82' lang='lat' dir='ltr'>afferam</span> <span class='ocrx_word' id='word_1_132' title='bbox 999 2046 1034 2108; x_wconf 89' lang='lat' dir='ltr'>et</span> <span class='ocrx_word' id='word_1_133' title='bbox 1067 2039 1147 2122; x_wconf 86' lang='lat' dir='ltr'>quid</span> <span class='ocrx_word' id='word_1_134' title='bbox 1177 2040 1218 2106; x_wconf 92' lang='lat' dir='ltr'>de</span> <span class='ocrx_word' id='word_1_135' title='bbox 1247 2036 1287 2105; x_wconf 90' lang='lat' dir='ltr'>iis</span> 
     </span>
     <span class='ocr_line' id='line_1_19' title="bbox 118 2145 584 2230; baseline 0.002 -18"><span class='ocrx_word' id='word_1_136' title='bbox 118 2145 257 2214; x_wconf 89' lang='lat' dir='ltr'>sentiam</span> <span class='ocrx_word' id='word_1_137' title='bbox 282 2147 394 2230; x_wconf 84' lang='lat' dir='ltr'>paneis</span> <span class='ocrx_word' id='word_1_138' title='bbox 418 2164 584 2229; x_wconf 89' lang='lat' dir='ltr'>exponam.</span> 
     </span>
    </p>
   </div>
   <div class='ocr_carea' id='block_1_5' title="bbox 117 2321 1286 2482">
    <p class='ocr_par' dir='ltr' id='par_1_7' title="bbox 117 2321 1286 2482">
     <span class='ocr_line' id='line_1_20' title="bbox 208 2321 1286 2394; baseline -0.002 -16"><span class='ocrx_word' id='word_1_139' title='bbox 208 2324 231 2392; x_wconf 90' lang='grc'>1)</span> <span class='ocrx_word' id='word_1_140' title='bbox 250 2322 399 2394; x_wconf 83' lang='lat' dir='ltr'>Sitzungsb.</span> <span class='ocrx_word' id='word_1_141' title='bbox 418 2323 442 2376; x_wconf 90' lang='lat' dir='ltr'>d.</span> <span class='ocrx_word' id='word_1_142' title='bbox 461 2322 533 2381; x_wconf 91' lang='lat' dir='ltr'>Berl.</span> <span class='ocrx_word' id='word_1_143' title='bbox 552 2324 634 2382; x_wconf 77' lang='lat' dir='ltr'>nond</span> <span class='ocrx_word' id='word_1_144' title='bbox 654 2323 723 2381; x_wconf 77' lang='lat'>1892</span> <span class='ocrx_word' id='word_1_145' title='bbox 740 2340 766 2393; x_wconf 84' lang='lat' dir='ltr'>p·</span> <span class='ocrx_word' id='word_1_146' title='bbox 785 2321 838 2381; x_wconf 77' lang='lat'>505</span> <span class='ocrx_word' id='word_1_147' title='bbox 855 2324 916 2379; x_wconf 87' lang='lat' dir='ltr'>adn.</span> <span class='ocrx_word' id='word_1_148' title='bbox 934 2327 960 2382; x_wconf 90' lang='lat'>1.</span> <span class='ocrx_word' id='word_1_149' title='bbox 978 2321 1286 2392; x_wconf 66' lang='lat' dir='ltr'>hermentionem</span> 
     </span>
     <span class='ocr_line' id='line_1_21' title="bbox 117 2409 1192 2482; baseline 0.004 -18"><span class='ocrx_word' id='word_1_150' title='bbox 117 2421 144 2464; x_wconf 90' lang='lat' dir='ltr'>et</span> <span class='ocrx_word' id='word_1_151' title='bbox 163 2409 285 2468; x_wconf 86' lang='lat' dir='ltr'>Pridious</span> <span class='ocrx_word' id='word_1_152' title='bbox 304 2410 366 2466; x_wconf 92' lang='lat' dir='ltr'>ibid.</span> <span class='ocrx_word' id='word_1_153' title='bbox 385 2427 410 2480; x_wconf 89' lang='lat' dir='ltr'>p.</span> <span class='ocrx_word' id='word_1_154' title='bbox 429 2412 463 2466; x_wconf 75' lang='lat'>65</span> <span class='ocrx_word' id='word_1_155' title='bbox 482 2411 577 2481; x_wconf 81' lang='lat' dir='ltr'>putant</span> <span class='ocrx_word' id='word_1_156' title='bbox 596 2425 654 2466; x_wconf 87' lang='lat' dir='ltr'>earn</span> <span class='ocrx_word' id='word_1_157' title='bbox 674 2427 708 2465; x_wconf 83' lang='lat' dir='ltr'>ex</span> <span class='ocrx_word' id='word_1_158' title='bbox 726 2411 870 2466; x_wconf 78' lang='lat' dir='ltr'>Aristobnli</span> <span class='ocrx_word' id='word_1_159' title='bbox 888 2411 955 2471; x_wconf 89' lang='lat' dir='ltr'>libro</span> <span class='ocrx_word' id='word_1_160' title='bbox 974 2415 1105 2482; x_wconf 84' lang='lat' dir='ltr'>sumptam</span> <span class='ocrx_word' id='word_1_161' title='bbox 1124 2427 1192 2468; x_wconf 88' lang='lat' dir='ltr'>osse.</span> 
     </span>
    </p>
   </div>
   <div class='ocr_carea' id='block_1_6' title="bbox 0 0 1508 4614">
    <p class='ocr_par' dir='ltr' id='par_1_8' title="bbox 0 0 1508 4614">
     <span class='ocr_line' id='line_1_22' title="bbox 0 0 1508 4614; baseline 0 1"><span class='ocrx_word' id='word_1_162' title='bbox 0 0 1508 4614; x_wconf 95' lang='lat' dir='ltr'> </span> 
     </span>
    </p>
   </div>
  </div>
 </body>
</html>
