3016 4612
665 127 708 195 33

259 320 343 401 Πρὸς
376 323 403 384 δ’
432 324 622 402 Ἀντίπατρον
656 321 768 404 ἔγραψε
802 321 924 385 κελεύων
959 321 1030 404 ἔχειν
1060 322 1194 402 φύλακας
1221 339 1271 387 rot

260 426 392 506 σώματος
414 433 451 500 ὡς
476 425 736 510 ἕπεβουλευόμεεοε.

86 533 213 600 Facile
232 533 293 601 tibi
309 532 524 615 persuadebis
541 535 585 600 ad
599 533 812 616 Antipatrum
830 534 917 600 hauc
939 533 1112 616 epistulam
1129 534 1269 602 Alexan·

88 641 194 705 druna
210 638 389 722 scripsisse,
414 638 443 706 si
465 639 671 722 reputaveris
686 639 737 704 illi
751 639 907 706 amariori
924 659 1052 722 semper
1067 641 1160 725 regni
1177 640 1269 707 mini-

88 749 178 828 stro,
199 751 237 812 ut
248 745 296 811 ait
310 745 499 812 Demetrius
515 745 603 826 apud
614 745 637 812 J
639 745 782 812 ustinum
792 745 817 830 ¹)
833 747 952 812 multos
968 764 1105 828 parasse
1121 745 1268 814 insidias.

188 851 414 917 Alexandrum
438 850 567 919 cavisse
590 869 632 916 ne
656 849 834 917 amicorum
863 851 989 918 animos
1016 850 1195 920 offenderet
1221 853 1269 920 in·

87 955 221 1042 telligit
235 957 436 1024 Plutarchus
452 976 494 1023 ex
505 957 648 1041 epistula
666 958 737 1040 ejus
749 958 793 1024 ad
805 957 1017 1024 Theodorum.
1031 963 1169 1025 Amatur
1181 958 1268 1026 760⁰.

257 1067 382 1144 Λέγεται
412 1064 444 1125 δὲ
475 1066 524 1126 καλ
552 1062 738 1142 Ἀλέξανδρος
770 1063 928 1125 ἐπιστεῖλαι
956 1061 1096 1140 Θεοδώρῳ
1128 1071 1268 1144 Πρωτέου

259 1169 380 1248 ἀδελφῷ,
408 1174 546 1252 ηπέμψεν
568 1193 620 1241 μοι
642 1169 693 1247 τὴν
715 1168 894 1251 μουσουργὸν
917 1175 987 1232 δέκα
1010 1170 1139 1232 τάλαντα
1163 1170 1268 1252 λαβὼν,

186 1289 190 1294 ’
258 1273 345 1350 εἰμὴ
367 1281 436 1353 ἐρᾷς
459 1277 579 1349 αὐτῆς.“

90 1380 191 1463 Quae
213 1382 317 1448 verba
341 1383 383 1447 ab
409 1379 592 1448 Alexandri
614 1380 723 1448 indole
747 1399 811 1448 non
836 1399 907 1448 esse
931 1382 1040 1449 aliena
1064 1391 1202 1466 apparet
1225 1403 1265 1450 ex

88 1486 145 1570 iis,
173 1504 257 1567 quae
273 1488 472 1554 Plutarchus
496 1489 608 1554 eodem
632 1487 702 1554 loco
727 1489 768 1554 de
783 1488 974 1555 Alexandro
997 1499 1030 1556 et
1045 1489 1267 1573 Antipatridis

89 1593 236 1674 psaltria
260 1599 384 1674 hamat,
409 1612 492 1676 quae
516 1593 617 1660 etiam
640 1593 675 1659 in
692 1595 787 1661 Alex.
811 1595 966 1676 apophth.
991 1594 1266 1679 1801‘1eguntur:

90 1696 249 1765 conferas
273 1698 371 1766 etiam
395 1719 444 1782 ea,
469 1719 553 1780 quae
574 1698 745 1783 Carystius
769 1701 855 1781 apud
871 1700 1075 1767 Athenaeum
1093 1701 1187 1781 XIII,
1212 1699 1265 1780 80,

90 1802 184 1870 603b
215 1805 255 1870 de
277 1807 466 1873 Alexandro
488 1804 604 1873 tradit.
651 1807 762 1872 Verbo
793 1816 902 1873 autern
925 1807 1052 1889 λέγεται,
1086 1809 1171 1887 quod
1201 1825 1267 1873 non

91 1927 227 1992 semper
249 1911 414 1994 siguificat
435 1930 505 1977 rem
528 1911 661 1979 dubiam
687 1911 802 1999 ossei),
833 1930 898 1978 uon
920 1911 1046 1977 indIcat
1067 1912 1267 1981 Plutarchus

91 2034 129 2081 se
158 2017 200 2082 de
217 2017 376 2098 epistulae
392 2018 536 2085 veritate
552 2017 704 2084 dubitare
729 2028 788 2084 aut
810 2016 931 2084 famam
954 2019 1116 2085 incertam
1139 2024 1264 2101 putare,

91 2122 156 2188 sed
180 2139 244 2188 non
269 2124 335 2189 alia
358 2123 533 2190 memoriae
557 2143 592 2190 se
616 2126 789 2206 mandare,
813 2123 947 2207 nisiae,
973 2142 1057 2204 quac
1081 2136 1265 2207 acceperat,

90 2229 151 2297 vel
174 2229 284 2310 potius
306 2232 393 2313 apud
416 2229 609 2313 scriptorem
633 2230 771 2314 legerat,
805 2247 899 2310 quem
929 2230 1099 2296 nominare
1129 2231 1266 2297 omittit:

92 2356 172 2403 nam
195 2337 223 2403 si
246 2335 439 2415 dubitasset,
463 2355 528 2402 uon
559 2335 755 2419 protulisset
787 2337 900 2404 eodem
930 2336 1002 2402 loco
1032 2334 1264 2413 testimonium,

93 2463 159 2524 quo
182 2443 343 2525 epistulae
364 2443 470 2510 verba
486 2443 703 2526 confirmaret,
730 2443 770 2508 de
793 2460 854 2524 quo
870 2443 932 2508 hoc
948 2442 1078 2522 quidem
1093 2443 1164 2508 loco
1187 2441 1266 2508 item

92 2553 206 2631 λέγεται
229 2548 323 2632 dicit,
348 2549 407 2614 sed
430 2548 494 2614 alio
517 2549 588 2615 loco
612 2547 720 2634 (Alex.
738 2548 906 2630 Apophth.
933 2545 1035 2634 1801‘)
1059 2548 1173 2614 eadem
1196 2548 1266 2614 sine

93 2659 206 2737 tapam
221 2653 367 2737 protulit.
417 2653 567 2720 Pridicus
580 2661 690 2721 autem
702 2653 794 2740 (ibid.
808 2673 839 2735 p.
853 2651 909 2740 77)
926 2672 984 2719 cur
995 2654 1080 2720 hauc
1092 2652 1265 2736 epistulam

93 2764 136 2828 ab
160 2762 382 2827 obtrectatore
410 2759 550 2840 quodam
572 2759 683 2826 fictam
707 2779 780 2826 esse
804 2759 1045 2828 extetimaverit
1068 2778 1133 2826 non
1155 2758 1264 2841 video,

93 2866 289 2948 praesertim
314 2884 387 2933 curn
411 2885 451 2932 ea
473 2866 664 2933 Alexandro
687 2865 769 2934 nihil
791 2866 967 2958 opprobrio
988 2871 1139 2933 vertatur
1155 2866 1265 2933 Mace·

94 2975 278 3053 donumque
307 2990 403 3056 reges
433 2979 467 3040 et
496 2973 602 3054 ipsum
632 2974 856 3040 Alexandrum
888 2981 1072 3053 μουσουργῶν
1101 2971 1265 3039 studiosos

94 3078 196 3145 fuisse
228 3082 366 3147 constet,
412 3079 506 3144 Idem
529 3079 767 3161 ,Alexandram'
793 3077 902 3159 inquit
924 3080 980 3161 ,ad
1007 3081 1139 3146 mactem
1166 3079 1265 3144 Theo-

94 3188 213 3265 dorum,
238 3207 328 3269 quatra
351 3191 401 3256 εἰς
425 3184 484 3248 τὸν
508 3181 662 3266 ὄλεθρον
685 3186 927 3248 ἀποστέλλειν
949 3186 1085 3268 jabetss),
1116 3185 1154 3250 de
1181 3207 1264 3263 μου·

97 3301 226 3372 σουργῷ
245 3294 409 3374 scripsisse
431 3296 486 3357 cta
509 3299 553 3358 est
582 3291 791 3358 ocdoadum?
837 3290 903 3358 Sed
931 3291 987 3358 hic
1015 3308 1081 3356 uon
1105 3293 1156 3356 est
1178 3291 1263 3355 idern

97 3398 283 3465 Theodorus
306 3405 406 3478 atque
428 3398 485 3465 ille
508 3415 601 3478 quem
623 3397 813 3463 Alexander
839 3403 879 3470 εἰς
900 3394 950 3460 τὸν
973 3393 1097 3472 ὄλεθρον
1122 3395 1264 3457 ἀποστελ-

97 3505 152 3564 tao
170 3501 286 3587 jussit:
310 3503 428 3588 alter4)
453 3501 538 3570 enim
561 3503 698 3570 Macedo
725 3509 807 3584 erat,
837 3503 921 3570 alter
944 3501 1142 3568 Tarentinus
1151 3501 1190 3586 5).

183 3645 204 3714 ¹)
222 3643 318 3696 susm
355 3642 431 3711 xm,
453 3643 542 3710 1,14.

183 3733 203 3801 λ)
223 3733 261 3788 Of.
281 3732 391 3787 Classen
408 3733 442 3786 ad
458 3731 576 3800 Thucyd.
594 3730 617 3792 I,
633 3731 676 3794 24,
691 3732 709 3786 4
727 3733 763 3786 uls
780 3728 891 3798 λέγεται.

183 3822 203 3892 ⁰)
222 3821 292 3876 Plut.
311 3820 357 3874 vit.
375 3819 452 3874 Alex.
469 3817 564 3872 XXII.
769 3897 771 3900 Ι

181 3910 206 3978 ⁴)
224 3909 284 3977 Hic,
308 3910 378 3962 teste
403 3905 544 3961 Plutarcho
566 3905 685 3975 (Amator
712 3907 773 3974 760,
792 3906 819 3975 c)
846 3907 904 3960 erat
930 3905 1013 3959 frater
1034 3905 1153 3975 Proteae,
1182 3921 1263 3973 quem

97 3995 271 4052 Macedonem
292 3996 374 4063 fnisse
400 3997 513 4050 testatur
536 3993 657 4062 Ephipus
687 3994 757 4061 apud
784 3993 951 4048 Athenaeum
968 3996 1002 4061 X,
1030 3992 1073 4061 44,
1102 3993 1183 4048 4342.
1220 3993 1261 4045 De

98 4087 189 4142 Protea
208 4088 240 4142 cf.
259 4087 363 4141 Arrian.
383 4086 419 4155 II,
442 4087 467 4154 2,
487 4086 511 4139 A.

183 4174 205 4240 ὅ)
223 4175 287 4229 Plut
314 4175 360 4228 vit.
380 4173 458 4230 Alex.
475 4171 566 4226 XXII.
1070 4240 1086 4290 3
