3016 4612
757 135 800 203 56

195 334 346 414 μετὰτῶν
369 337 460 412 φίλων
491 337 537 393 καὶ
564 344 619 395 τῶν
653 333 812 394 ἐθελόντων
834 331 1001 412 στρατεύειν
1035 353 1099 399 non
1123 334 1289 416 quadrant
1326 334 1372 397 ad

197 440 374 507 oraticnem
412 442 498 522 apud
522 438 704 521 Hyphasim
739 438 895 522 habitam,
931 439 988 504 ubi
1010 440 1199 506 Alexander
1224 439 1326 505 ctiam
1350 459 1374 505 a

197 548 364 614 sodalibus
389 549 540 613 desertus
563 556 623 629 est,
648 545 681 611 id
705 547 790 626 qucd
813 565 878 611 non
903 547 1005 611 solum
1029 565 1070 612 ex
1094 565 1131 612 eo
1157 546 1373 630 perspicitur,

198 657 282 734 quod
307 653 444 738 Caenia,
469 653 520 719 cui
537 652 639 718 ceteri
664 653 764 718 duces
788 651 1065 736 assentiebantur,
1090 672 1132 719 ne
1148 649 1375 737 procederent

198 761 367 846 obstititll,
403 762 586 826 sedetiam
617 779 657 825 ex
681 759 786 825 Curtii
814 759 887 844 (IX,
921 759 965 843 ll,
996 758 1185 845 inversis
1217 768 1369 844 apparet,

199 867 255 948 qui
280 868 503 932 Alexandrum
534 867 698 931 dicentem
722 863 822 931 facit:
846 867 914 932 ‘sed
935 867 1022 933 εοίνε
1051 889 1172 950 qaoque
1194 871 1242 932 ire
1258 887 1373 948 perse-

196 973 331 1046 cercb0’‚
355 993 437 1055 qnae
462 975 610 1054 quamvis
634 983 850 1056 exaggerata,
879 980 989 1038 tamen
1013 982 1197 1056 congruunt
1220 993 1290 1039 cnm
1314 975 1368 1051 iia,

197 1100 278 1161 quae
303 1083 343 1145 de
368 1080 429 1146 hac
452 1098 489 1143 re
512 1080 648 1144 tradunt
673 1079 859 1159 scriptume,
890 1078 980 1144 inter
1003 1099 1083 1160 qnos
1107 1085 1236 1145 constat
1258 1079 1371 1143 Mace-

197 1188 300 1252 donas
324 1206 365 1252 ne
389 1184 556 1252 sodalibus
580 1185 709 1266 quidem
733 1185 913 1251 Alexandri
941 1185 1083 1268 exceptis
1100 1205 1135 1252 se
1157 1203 1371 1269 processuros

195 1312 342 1376 negasse.

284 1401 337 1464 Ex
359 1399 399 1465 iis
423 1398 525 1479 igitur
550 1415 633 1479 quae
656 1398 816 1465 hactenus
840 1398 1047 1480 exposuimus
1078 1401 1283 1481 perspicuum
1312 1407 1369 1463 est

197 1506 369 1588 epistulam
393 1525 455 1571 non
489 1506 556 1570 alia
579 1505 743 1588 exhibere,
776 1505 838 1572 nisi
867 1524 915 1582 ea,
944 1505 1084 1585 quaein
1107 1505 1277 1587 Hyrcania
1300 1504 1369 1571 dici

195 1619 350 1696 poterant
373 1632 412 1678 ac
436 1613 524 1678 dicta
548 1631 620 1678 esse
643 1612 808 1679 videntur.
855 1613 992 1678 Accedit
1016 1615 1100 1692 quod
1115 1612 1166 1690 iis,
1191 1629 1276 1692 quae
1292 1611 1369 1677 sive

196 1740 238 1787 ex
262 1720 403 1802 epistula
438 1729 568 1801 sumpta
604 1727 688 1800 sunt,
725 1719 795 1784 sive
829 1721 959 1784 auctori
985 1719 1158 1785 Plutarchi
1193 1720 1369 1800 debentur,

195 1828 353 1910 epistulae
369 1827 503 1898 veritas,
521 1837 555 1893 ut
572 1845 670 1906 snpra
687 1825 763 1906 dixi,
781 1827 999 1908 confirmatur,
1017 1827 1102 1892 unde
1118 1832 1221 1907 patet,
1238 1825 1369 1907 opinor,

195 1933 383 2001 Kaerstium
408 1935 448 1999 de
473 1933 612 2015 epistula
636 1952 748 2015 parurn
773 1943 865 2000 recte
884 1933 1060 2016 judicasse.

287 2041 468 2108 Alexandri
491 2041 673 2124 epistulam,
706 2047 865 2120 quaeest
896 2043 935 2106 de
963 2059 1073 2124 pugna
1106 2044 1220 2106 contra
1243 2040 1370 2104 Porum

195 2148 285 2213 facta
308 2147 447 2228 legimns
471 2148 557 2228 apud
581 2146 797 2213 Plutarchum
821 2149 878 2214 vit.
902 2147 986 2212 Alex
1020 2147 1097 2214 LX:

359 2267 403 2330 Τό
427 2271 456 2331 δέ.
481 2268 554 2349 πρὸς
578 2276 681 2348 Πῶρον
703 2269 790 2342 αὐτὸς
820 2277 849 2333 ἐν
879 2285 944 2342 ταῖς
974 2274 1136 2342 ἐπιστολαῖς
1163 2275 1200 2342 ὡς
1230 2268 1371 2350 ἐπράχθη

354 2375 489 2458 γέγραφε.
537 2381 613 2455 Φησὶ
638 2375 692 2458 γὰρ
715 2384 745 2437 ἐν
767 2376 848 2455 μέσῳ
864 2389 917 2440 τῶν
933 2378 1135 2460 στρατοπέδων
1150 2388 1201 2440 τοῦ
1214 2375 1370 2439 Ὑδάσπου

357 2489 471 2564 ῥέοντος
488 2482 658 2563 ἀντιπόρους
674 2482 794 2545 ἱστάντα
808 2483 874 2554 τοὺς
889 2483 1050 2564 ἐλέφαντας
1064 2487 1110 2548 da
1126 2483 1175 2546 τόν
1190 2489 1295 2567 Πῶρον
1306 2489 1370 2543 ἐπι-

352 2603 446 2669 τηρεῖν
468 2589 517 2669 cip<
541 2591 684 2672 διάβασιν.
731 2591 833 2653 Ababa
855 2593 907 2670 μὲν
930 2588 980 2654 οὖν
1007 2593 1076 2653 καθ’
1102 2595 1211 2673 ἡμέραν
1241 2588 1370 2668 ίκόστην

354 2697 453 2776 ψόφον
476 2711 567 2759 ποιεῖν
590 2702 639 2758 καὶ
662 2696 791 2780 θόρυβον
806 2703 835 2759 ἐν
850 2704 1090 2778 τῷστρατοπέδῳ
1107 2700 1203 2771 πολόν,
1227 2701 1368 2772 ἐθίζοντα

351 2801 418 2874 τοὺς
439 2803 606 2886 βαρβάρους
628 2803 668 2883 μὴ
691 2809 868 2886 φοβεῖσθαι·
892 2804 992 2875 νυκτός
1014 2806 1044 2866 δὲ
1068 2809 1211 2886 χειμερίου
1226 2808 1274 2866 καὶ
1298 2805 1368 2866 ιἰσε-

352 2913 437 2989 λήνου
452 2910 579 2992 λαβόντα
594 2921 648 2973 τῶν
664 2912 754 2983 πεζῶν
770 2918 864 2990 μέρος,
888 2917 985 2982 ἱππεῖς
1000 2913 1031 2972 δὲ
1046 2910 1114 2979 τοὺς
1130 2917 1299 2994 κρατίστους
1315 2915 1367 2972 καὶ

352 3015 538 3097 προελθόντα
562 3016 662 3098 πόρρω
685 3027 739 3080 τῶν
763 3019 905 3095 πολεμίων
928 3024 1104 3098 διαπερᾶσαι
1128 3018 1201 3101 πρός
1220 3031 1306 3096 νῆσον
1328 3021 1366 3081 οό

353 3125 485 3205 μεγάλην,
522 3123 669 3185 Ἐνταῦθα
692 3123 722 3186 δὲ
747 3128 886 3206 ῥαγδαίου
900 3127 951 3202 μὲν
967 3132 1139 3206 ἐκχυθέντος
1154 3122 1270 3206 όμβρου,
1295 3149 1367 3204 πρη-

353 3229 467 3309 στήρων
490 3232 520 3292 δὲ
544 3233 655 3292 πολλῶν
678 3235 726 3291 καὶ
749 3242 891 3308 κεραυνῶν
915 3237 954 3302 είς
976 3231 1009 3294 τό
1025 3232 1221 3310 στρατόπεδον
1241 3233 1366 3311 φερομέ-

352 3361 416 3410 νων,
441 3334 519 3414 όμοες
541 3341 615 3418 ὀρῶν
639 3337 854 3414 ἀπολλυμένους
876 3336 956 3409 τινός
978 3343 1026 3400 καὶ
1044 3342 1291 3421 συμφλεγομένους
1307 3335 1366 3400 ὑπὸ

352 3454 406 3505 τῶν
429 3455 570 3521 κεραυνῶν
593 3444 652 3507 ἀπὸ
674 3455 724 3523 τῆς
740 3451 853 3524 νησῖδος
868 3441 943 3525 ἄρας
958 3452 1186 3528 προσφέρεσθαι
1208 3459 1272 3518 ταῖς
1288 3447 1366 3509 ἀντι-

353 3553 446 3628 πέρας
469 3547 582 3631 ὄχθαις,
634 3550 747 3634 Τραχόν
770 3552 800 3612 δὲ
823 3550 873 3612 τόν
893 3551 1042 3631 Ὑδόσπην
1065 3551 1121 3614 ὑπὸ
1152 3564 1203 3615 τοῦ
1231 3565 1368 3636 χειμῶνος

352 3651 471 3716 ἐπιόντα
494 3660 543 3716 καὶ
567 3662 710 3740 μετέωρον
733 3657 859 3740 ἔκρηγμα
882 3669 1002 3735 ποιῆσαι
1017 3665 1099 3740 μέγα,
1124 3664 1173 3721 καὶ
1189 3658 1262 3722 πολὺ
1277 3666 1368 3742 μέρος

353 3764 445 3840 ἐκείνῃ
468 3767 615 3841 φέρεσθαι
638 3773 689 3824 τοῦ
708 3763 867 3842 ῥεύματος·
892 3762 996 3835 αι’ποός
1019 3767 1048 3827 δέ
1066 3765 1211 3838 δέξασθαι
1226 3765 1260 3828 τό
1275 3772 1367 3846 μέσον

192 3921 261 3974 feras
278 3920 380 3973 Arriani
405 3921 484 3973 etiam
500 3921 546 3988 IV,
568 3923 608 3990 15,
627 3925 652 3976 b':
673 3919 780 3977 τοότουι
802 3923 871 3992 (τοὺς
894 3919 1010 3989 Ἰνδοὺς)
1039 3925 1091 3996 γὰρ
1117 3923 1369 3996 καταστρεψόμενοι

192 4009 280 4060 πᾶσαν
298 4006 331 4060 ἂν
344 4005 395 4075 ἤδη
405 4007 527 4075 ἔχειντὴν
541 4007 637 4065 Ἀσέαν.
670 4006 791 4077 ἐχομένης
800 4008 884 4079 δέτῆι
895 4011 981 4068 Ἀσίας
995 4010 1129 4066 ἐπανιέναι
1144 4012 1169 4070 ἐς
1179 4014 1227 4080 τὴν
1243 4013 1363 4073 Ἑλλάδα,

282 4099 302 4165 ¹)
320 4097 360 4153 Gi.
389 4099 491 4154 Arriam.
510 4100 543 4166 V,
567 4098 599 4150 27
624 4114 663 4168 sq.
692 4097 765 4152 Cart.
791 4103 839 4169 IX,
858 4103 908 4163 111,
938 4104 985 4173 123
1009 4102 1079 4159 Plnt.
1096 4104 1142 4158 vit.
1168 4103 1245 4161 Alex,
1267 4108 1364 4178 LXII;

193 4185 297 4240 Diodor.
316 4190 412 4256 XVI1;
432 4187 497 4244 94..
