3008 4614
735 145 944 249 ...θὲ-

417 337 495 402 teat
518 335 624 422 πάργος
646 345 724 404 ἐστίν
746 347 762 404 ὁ
787 347 816 404 ἐν
837 351 871 422 τῇ
894 342 969 422 νήσῳ
977 343 1015 428 ¹),
1039 346 1155 424 μεγέθει
1170 366 1202 404 τε
1217 347 1346 426 μέγιστοι
1367 349 1410 406 καὶ
1494 331 1495 342 ¹

416 447 585 526 πολυτελείᾳ
608 453 850 529 ἐκπρεπέστατον·
882 453 932 512 καί
960 447 1041 522 ὅπως
1062 448 1239 532 ἐπικρατήσῃ
1262 453 1410 514 καλεῖσθαι
1494 527 1495 540 Q

417 551 477 614 άπὸ
491 553 713 634 Ἡφαιστίωνος,
737 559 861 628 καὶτοῖς
880 559 1066 639 συμβολαίοις
1080 559 1152 619 καθ’
1171 553 1227 620 ὅσα
1250 563 1280 621 oi
1301 555 1411 638 ἔμποροι

416 659 547 738 ἀλλήλους
568 660 777 745 ξυμβάλλουσιν
799 661 1000 748 ἐγγράφεσθαι
1029 662 1063 726 τὸ
1086 661 1177 744 ὄνομα
1198 669 1410 746 Ἡφαιστίωνος,
1494 723 1496 746 ,

416 777 508 830 ταῦτα
535 771 587 848 μὲν
617 766 666 833 οὖν
696 771 747 834 οὐκ
780 772 833 854 ε’γω
863 777 1058 854 μέμψασθαι,
1089 770 1162 852 πλην
1191 796 1221 855 γε
1244 771 1280 850 δὴ
1302 770 1345 836 ὅτι
1367 775 1411 836 οὐκ
1494 761 1496 808 l

416 880 462 937 ἐπί
488 875 622 958 μεγάλοις
650 877 781 961 μεγάλως
812 879 1041 953 διεσπουδάζετο.
1083 881 1175 942 ἐκεῖνα
1203 882 1234 943 ot
1267 883 1317 942 κοιλ
1347 880 1413 943 πάνυ
1494 947 1495 954 ,

415 987 573 1064 μέμφομαι.
604 982 636 1065 ἢν
666 983 720 1067 γάρ
750 985 906 1068 καταλάβω
928 987 989 1068 ἐγώ,
1019 984 1098 1069 ἔλεγε
1120 984 1157 1050 τά
1188 985 1354 1068 γράμματα,
1380 985 1413 1049 τά
1494 973 1495 1026 3

416 1087 479 1170 ἱερά
501 1089 538 1152 πά
562 1097 592 1154 ἐν
605 1089 748 1174 Αἰγύπτῳ
771 1096 864 1165 καλῶς
887 1099 1139 1173 κατεσκευασμένα
1162 1098 1211 1155 καί
1233 1092 1271 1156 πά
1292 1095 1368 1174 ἡρῷα
1381 1091 1413 1155 τά

414 1201 638 1277 Ἡφαιστίωνος,
661 1198 717 1262 εἴτε
734 1182 762 1260 τι
778 1198 917 1282 πρότερον
933 1198 1107 1281 ἡμάρτηκας,
1132 1198 1238 1282 ἀφήσω
1254 1225 1288 1263 σε
1303 1195 1411 1280 τοάτσον,

416 1306 465 1364 κοιλ
487 1299 520 1365 τὸ
543 1303 657 1378 λοιπόν,
689 1305 822 1384 ὁπηλίκον
849 1302 885 1367 άυ
908 1303 1052 1386 ἁμάρτῃς,
1081 1306 1163 1368 οὐδὲν
1184 1310 1270 1386 πείσῃ
1300 1306 1415 1386 1ξέμοῦ

415 1406 511 1491 άχοιρι.
541 1420 625 1473 τοῦτο
659 1413 742 1490 άυδρλ
772 1409 886 1496 άργουτι
909 1415 1017 1490 πολλῆς
1038 1415 1090 1492 μὲν
1119 1410 1224 1496 γάρος,
1256 1416 1365 1478 πολλῶν
1385 1416 1414 1476 di
1493 1481 1494 1486 1

415 1515 577 1599 ἀνθρώπων
600 1524 631 1580 ἐκ
652 1521 794 1600 βασιλέως
816 1517 942 1602 μεγάλου
964 1521 1186 1602 ἐπεσταλμένον,
1211 1516 1306 1593 ἄλλως
1325 1525 1415 1583 τεκαὶ

415 1633 494 1702 κακῷ
514 1625 606 1704 άυίρλ,
632 1625 684 1688 οὐκ
707 1622 762 1707 ἔγω
786 1625 945 1694 ἐπαινέσαι.

256 1728 319 1796 Illa
342 1730 524 1798 Alexandri
548 1750 620 1798 oum
643 1732 890 1815 Hephaestione
922 1732 1065 1800 amicitia
1095 1739 1169 1799 erat
1201 1738 1290 1800 certe
1323 1751 1415 1816 argu·
1491 1781 1493 1816 s

256 1841 402 1903 mentum
426 1839 470 1903 ad
493 1838 666 1920 epistulam
689 1838 875 1922 fingendam
899 1839 1060 1923 idoneum,
1084 1840 1141 1906 sed
1156 1838 1325 1905 falsarium
1340 1848 1415 1922 puto
1491 1832 1492 1856 ¹

256 1943 318 2010 hoo
351 1945 497 2028 oxemplo
533 1944 703 2027 epistulam
728 1944 879 2012 ficturum
906 1966 971 2012 non
994 1944 1112 2012 fuisse:
1125 1935 1216 2011 ¹'nam
1238 1951 1275 2012 ut
1297 1952 1414 2028 catara,

256 2068 339 2130 quaa
362 2052 396 2117 in
420 2051 559 2132 epistula
581 2051 744 2136 leguntur,
770 2052 927 2135 omittam,
951 2053 1034 2118 haeo
1049 2051 1132 2135 ipsa,
1157 2070 1240 2134 quae
1257 2052 1415 2120 Arrianus
1491 2081 1492 2086 ¹

255 2157 474 2239 reprehendit,
508 2160 612 2227 verba
634 2159 786 2227 veritatis
821 2159 980 2241 epistulae
1015 2157 1201 2226 testimonia
1235 2163 1328 2226 sunt:
1365 2160 1415 2240 qui

256 2264 340 2328 enim
370 2263 487 2331 scribit
520 2264 551 2326 εί
576 2288 604 2326 τι
626 2265 766 2348 πρότερον
791 2266 955 2348 ἡμάρτηκας
979 2276 1012 2332 et
1033 2263 1067 2328 πὸ
1091 2264 1194 2328 λοιπὸν
1218 2267 1357 2344 ὁπηλίκον
1380 2262 1412 2327 άυ

257 2367 388 2451 ἁμάρτῃς
414 2370 540 2438 indicat
574 2390 610 2438 sa
633 2374 675 2438 ad
697 2375 859 2440 hominem
883 2370 1037 2456 seribere,
1062 2372 1118 2453 qui
1141 2372 1290 2455 peooavit
1313 2379 1348 2439 et
1377 2373 1416 2437 ad

256 2480 453 2560 peccandum
484 2478 603 2560 ubique
633 2485 802 2562 promptus
826 2484 893 2568 est:
918 2478 1071 2546 falsarios
1096 2483 1206 2546 autem
1229 2480 1416 2546 memoriam

257 2586 298 2651 de
320 2585 501 2653 hominihus
517 2605 630 2668 parum
647 2587 809 2654 nobilibus
825 2586 1013 2671 indagasse,
1039 2592 1075 2652 nt
1091 2585 1248 2668 epistulas
1265 2587 1304 2652 do
1321 2588 1416 2652 rebus
1491 2603 1492 2661 1

255 2693 391 2760 oooultis
415 2694 606 2777 seriberent,
632 2693 789 2760 credibile
812 2697 953 2760 nonest.
999 2694 1179 2760 Praeterea
1200 2692 1263 2758 hae
1279 2691 1417 2776 epistula
1489 2672 1493 2721 '¹

254 2799 435 2866 Alexandri
466 2800 558 2866 dolor
587 2799 763 2882 indicatur,
796 2817 892 2882 quem
915 2799 1072 2866 falsarius
1095 2799 1249 2866 simulare
1272 2802 1416 2882 potuisse
1492 2783 1493 2802 ¹

254 2912 312 2972 aut
341 2905 390 2973 his
425 2906 536 2974 verbis
571 2925 787 2990 expressurus
821 2903 924 2972 fuisse
957 2907 1122 2988 putandus
1153 2925 1218 2973 non
1253 2911 1313 2973 ast.
1368 2906 1414 2972 De

254 3012 434 3082 Alexandri
457 3014 567 3081 dolore
593 3020 627 3082 et
651 3015 691 3081 de
713 3033 862 3096 supremo
880 3012 997 3097 officio,
1023 3031 1085 3094 quo
1101 3013 1157 3079 illa
1173 3011 1207 3078 in
1222 3012 1414 3095 Hephaesti-

254 3138 348 3186 onem
371 3121 502 3188 functus
526 3125 586 3207 est,
611 3121 762 3189 conferas
785 3119 955 3188 Plutarchi
977 3119 1037 3188 vit.
1061 3120 1154 3187 Alex.
1177 3119 1322 3186 LXXII.
1368 3119 1414 3185 De

254 3226 459 3314 Cleomene2)
503 3228 654 3296 conferas
681 3227 813 3295 Arrian.
851 3227 910 3307 111,
942 3226 1011 3312 o‚4;
1044 3225 1135 3294 Ourt.
1170 3225 1329 3311 IV‚VllI‚
1364 3222 1414 3290 33.

253 3334 340 3402 Just.
365 3335 459 3420 XIII,
484 3333 569 3418 4,11.

341 3441 524 3509 Alexandri
547 3443 591 3508 ad
607 3442 802 3525 Scytharum
826 3459 937 3526 regem
954 3439 1127 3524 epistulam
1151 3445 1313 3507 memorat
1327 3435 1413 3504 Auri·

254 3567 335 3617 anus
358 3549 417 3634 IV,
442 3547 506 3634 5‚1.

411 3658 460 3718 καί
488 3653 580 3732 τούτῳ
616 3655 670 3741 (τῷ
699 3657 818 3736 βασιλεῖ
847 3653 985 3740 Σκυθῶν)
1024 3645 1221 3734 φιλάνθρωπα
1258 3651 1412 3714 ἐπιστέλλει

405 3761 600 3845 Ἀλεξανδρος.
815 3853 817 3857 ,

253 3871 447 3954 Scytharum
482 3889 591 3954 ragam
625 3868 726 3936 ffliam
760 3887 850 3935 suam
881 3867 1068 3935 Alexandro
1103 3867 1137 3933 in
1174 3865 1410 3934 matrimonium

340 4032 362 4100 ¹)
381 4031 469 4086 Verba
486 4029 532 4083 ἵνα
549 4032 564 4083 ὁ
582 4027 679 4102 πύργος
698 4027 766 4082 ἐστὶν
784 4031 800 4081 ό
819 4025 846 4080 ἐν
863 4026 896 4094 τῇ
914 4025 985 4094 υὴσῳ
1003 4028 1050 4082 aut
1067 4026 1100 4081 ab
1118 4026 1222 4081 Arriani
1240 4027 1345 4080 auotme
1367 4023 1410 4077 aut

251 4121 284 4176 ab
302 4122 359 4191 ipso
377 4121 489 4176 Amiano
508 4118 635 4189 epistulae
653 4118 806 4188 interposita
823 4119 893 4171 sunt.

341 4211 362 4280 Ἠ)
382 4209 529 4267 Cleomenis
548 4209 581 4264 ad
598 4209 780 4265 Alexandrum
799 4205 938 4275 epistulam
956 4207 1033 4260 affert
1051 4204 1204 4260 Athenaeus
1222 4204 1269 4274 lx,
1288 4202 1329 4274 48,
1344 4201 1407 4259 3930
