3016 4612
797 93 838 160 22

230 287 282 354 usi
315 289 391 370 sint
428 305 548 373 operae
582 285 724 370 pretium
760 294 812 353 est
843 285 1030 352 accuratius
1053 284 1220 367 inquirere
1244 305 1415 368 quaenam

231 392 392 478 epistulae
417 413 435 460 e
458 392 552 460 libris
575 410 684 459 rerum
708 392 904 474 scriptorum
937 390 1058 476 prioris
1089 391 1221 475 aetatis,
1254 410 1339 472 quae
1370 411 1417 456 ex

231 499 445 582 epistularum
470 497 661 582 corporibus
685 499 823 564 haustae
847 497 922 563 sint.

320 604 589 670 Westermannus
611 603 732 669 ibidem
756 620 798 667 ex
814 620 862 684 eo,
887 603 971 682 quod
986 601 1183 670 Plutarchus
1203 601 1238 668 in
1254 602 1416 686 epistulis
1493 646 1494 649 =

231 707 436 792 proferendis
472 709 611 775 aliorum
649 707 846 774 testimoniis
879 727 943 775 non
977 714 1092 775 utatur
1127 711 1161 773 et
1197 726 1319 775 evoca
1355 707 1417 779 τὰς

232 813 396 896 λσισιολάς,
427 833 522 894 quam
554 815 767 897 epistularum
791 832 908 897 corpus
931 812 1119 896 significare
1141 819 1247 899 putat,
1279 815 1417 896 colligit

231 921 447 987 Plutarchum
469 939 510 985 ex
536 918 715 1002 farragine,
740 938 838 1001 quam
852 930 968 1001 uocat,
994 919 1209 1001 epistularum
1225 920 1416 986 Alexandri

232 1027 388 1108 epistulas
405 1026 652 1109 deprompsisse.
691 1025 758 1091 Sed
773 1025 866 1108 prius
881 1029 1112 1108 argumentum
1128 1023 1221 1091 futile
1237 1031 1296 1105 est,
1321 1027 1417 1106 quod

232 1132 429 1199 Plutarchus
465 1150 506 1197 ne
541 1131 575 1196 in
609 1132 706 1197 rebus
742 1130 872 1210 quidem
907 1131 1083 1196 narrandis
1117 1148 1246 1214 semper
1269 1131 1416 1197 aliorum

233 1237 429 1303 testimoniis
452 1238 566 1302 utitur.
613 1238 663 1301 Ac
685 1255 727 1302 ne
751 1253 793 1300 ex
816 1254 898 1302 voce
920 1234 974 1307 νὰς
996 1234 1152 1307 roserolis
1175 1236 1302 1318 quidem
1319 1237 1416 1317 quic-

234 1361 329 1423 quam
353 1341 435 1408 certi
457 1349 567 1425 potest
591 1341 748 1408 concludi.
793 1341 876 1408 Nam
905 1341 986 1408 locis
1011 1341 1201 1422 quibusdam
1225 1342 1415 1424 Plutarchi,

234 1447 397 1514 Athenaei
413 1447 622 1529 aliorumque,
640 1466 718 1528 quos
731 1465 831 1531 supra
841 1446 867 1532 ¹)
883 1447 1026 1528 laudavi,
1043 1453 1094 1514 est
1107 1447 1239 1530 quidem
1251 1447 1415 1532 scriptum

235 1559 267 1614 αλ
291 1554 450 1634 ἐπιστολαί,
486 1555 544 1618 sed
574 1552 638 1619 illis
662 1552 743 1618 locis
766 1571 831 1619 non
854 1559 887 1614 al
909 1555 1059 1615 εσισνολιλ
1082 1571 1142 1636 per
1165 1571 1210 1632 se,
1247 1556 1306 1620 sed
1342 1573 1415 1620 ser·

235 1657 339 1724 monis
369 1663 541 1725 contextus
572 1660 658 1725 hano
682 1657 882 1725 sententiam
906 1657 1019 1742 efficit,
1056 1659 1092 1724 id
1117 1667 1168 1726 est
1191 1659 1414 1742 epistularum

235 1783 354 1848 eorpus
371 1763 550 1846 significat:
575 1764 666 1831 velut
689 1766 776 1847 apud
792 1765 1005 1831 Plutarchum
1023 1783 1093 1830 oum
1119 1763 1271 1832 eceteris
1287 1765 1414 1846 verbis,

234 1882 303 1936 tum
327 1889 345 1936 e
368 1873 470 1936 verho
494 1873 614 1950 διῆλθον
636 1869 835 1952 intelligitur
858 1869 933 1938 illas
956 1871 1112 1951 epistulas
1139 1889 1211 1936 esse
1234 1871 1414 1949 collectas;

235 1977 322 2058 apud
337 1977 545 2042 Athenaeum
568 1976 627 2059 IV,
654 1982 682 2060 1,
709 1974 789 2041 128b
815 1995 886 2041 curn
910 1977 1014 2056 verba
1037 1980 1086 2038 κοιλ
1110 1973 1210 2045 ἄλλοις
1233 1977 1263 2036 αλ
1284 1977 1417 2057 asperat

239 2105 324 2162 χομεν
358 2090 425 2147 turn
460 2083 564 2151 verba
598 2081 727 2160 δώσομεν
757 2087 791 2143 ol
820 2104 865 2143 σοι
897 2085 976 2160 ἡμεῖς
1003 2085 1052 2142 καὶ
1079 2079 1172 2154 αὐτὰς
1196 2081 1415 2165 epistularum

238 2205 357 2268 corpus
382 2189 571 2268 ostendunt;
601 2194 634 2256 et
661 2188 784 2255 ibidem
809 2189 849 2254 de
872 2187 1070 2269 Hippolochi
1093 2187 1234 2270 epistula
1258 2207 1276 2256 e
1299 2190 1418 2256 verbis

237 2297 366 2363 σσονλος
385 2296 547 2373 repleuerat
571 2293 776 2376 perspicuum
803 2297 855 2359 est
870 2293 1078 2358 Athenaeum
1102 2311 1173 2359 eam
1198 2311 1263 2359 uon
1290 2293 1416 2375 legisse

235 2397 270 2463 in
305 2397 388 2463 libro
424 2417 532 2464 rerum
569 2398 747 2481 scriptoris.
795 2400 919 2464 Eadem
955 2399 1021 2464 dici
1056 2405 1193 2480 possunt
1222 2401 1264 2466 de
1286 2399 1415 2478 Pharii,

236 2503 359 2570 Suidae
388 2505 603 2586 aliorumque,
638 2523 717 2585 quos
740 2504 885 2586 laudavi,
917 2506 1008 2570 locis.
1057 2504 1169 2586 Quare
1193 2504 1341 2585 equidem
1369 2525 1414 2572 ne

237 2610 336 2675 Bruti
360 2609 489 2690 quidem
514 2610 671 2693 epistulas
688 2628 729 2675 ex
745 2629 784 2675 eo
801 2609 1029 2676 concluderem
1046 2628 1117 2676 esse
1135 2609 1299 2689 collectas,
1325 2613 1415 2691 quod

239 2716 438 2782 Plutarchus
474 2715 545 2800 (vit.
575 2715 673 2780 Bruti
701 2714 745 2797 II,
778 2715 813 2800 3)
849 2715 890 2779 de
920 2713 961 2780 iis
993 2715 1074 2781 dicit
1097 2721 1126 2776 εν
1149 2727 1213 2786 σοῖς
1235 2719 1413 2796 tractatore,

242 2820 306 2886 nisi
336 2820 483 2906 Photii2)
518 2820 628 2888 verbis
661 2818 909 2886 confirmaretur
932 2838 988 2886 eas
1012 2820 1168 2886 collectas
1192 2839 1272 2890 esse.
1318 2824 1414 2888 idem

242 2927 333 2993 cadit
355 2926 388 2992 in
413 2925 580 2994 Ciceronis
611 2924 779 3007 epistulas,
816 2927 855 2992 de
891 2926 1006 3005 quibus
1030 2926 1225 2994 Plutarchus
1248 2926 1318 3011 (vit.
1343 2927 1413 2994 (lio.

239 3031 420 3113 XXXVII,
446 3032 479 3117 2)
504 3037 533 3092 a·
554 3044 618 3102 τοῖς
641 3033 807 3102 asarotos
830 3029 923 3097 dixit.
969 3034 1079 3112 Atque
1100 3032 1202 3098 etiam
1233 3031 1308 3099 eliis
1331 3033 1413 3100 locis

239 3137 361 3220 legitur
376 3143 405 3198 ἐν
420 3149 484 3205 ταῖς
500 3139 673 3215 ἐπιστολαῖς,
699 3137 789 3205 velut
804 3137 893 3220 apud
909 3137 1115 3204 Athenaeum
1140 3136 1215 3221 (XI,
1241 3139 1292 3203 17.
1317 3137 1412 3224 781¹)

238 3239 285 3306 ὅτι
302 3246 476 3322 Παρμενίων
499 3241 798 3322 συγκεφαλαιούμενος
820 3248 849 3304 ἐν
871 3255 936 3313 ταῖς
951 3240 1025 3322 πρὸς
1040 3241 1231 3324 Ἀλέξανδρον
1246 3247 1413 3316 ἐπιστολαῖς

241 3356 274 3415 et
298 3347 433 3434 (ibidem
457 3346 510 3431 27,
536 3344 632 3432 784³)
650 3347 841 3428 Ἀλεξάνδρου
863 3351 893 3410 ol
916 3359 968 3410 τοῦ
990 3351 1133 3428 βασιλέως
1156 3355 1186 3409 ἐν
1208 3361 1273 3420 ναῖς
1296 3354 1410 3410 duroco-

240 3456 304 3526 λαῖς
325 3467 389 3524 ταῖς
412 3449 487 3531 πρὸς
508 3452 575 3523 τοὺς
591 3453 623 3514 ἐν
638 3462 672 3531 τῇ
690 3453 776 3530 Ἀσίᾳ
793 3452 944 3532 σατράπας
966 3451 1303 3533 pepercissemus,
1328 3472 1410 3535 quas

240 3557 363 3639 siquis
398 3576 439 3624 ex
470 3557 682 3642 epistularum
708 3577 842 3640 corpore
864 3565 1011 3640 sumptas
1034 3577 1107 3626 ease
1131 3559 1308 3640 existimet,
1344 3578 1410 3624 non

237 3683 428 3748 repugnem,
452 3684 646 3746 quamquam
672 3665 732 3732 hoc
754 3683 819 3730 non
843 3683 861 3730 e
885 3683 1017 3732 numero
1042 3664 1179 3746 plureh:
1209 3677 1273 3735 τοῖς
1296 3671 1409 3725 enemo-

239 3772 304 3853 λοῑσ
333 3771 483 3837 concludi
514 3777 607 3854 puto:
642 3789 718 3858 nam
749 3771 777 3836 sl
800 3788 933 3835 numero
957 3770 1079 3851 plurali
1102 3770 1136 3836 id
1159 3769 1406 3854 significaretur,
1492 3805 1493 3810 κ

330 3929 340 3958 1

259 4047 261 4052 =
330 3928 487 4085 gsspiigula
505 4018 536 4070 ad
549 4015 664 4085 Amphil
684 4015 772 4083 Cyzici
790 4014 925 4084 Metropol.
946 4015 1020 4082 epist.
1040 4015 1138 4072 XLIV.
1156 4015 1199 4070 ed.
1217 4014 1314 4083 iligna,
1334 4015 1407 4083 epist.

240 4103 336 4158 curn
354 4105 395 4162 ed.
414 4104 558 4162 Montacul.
