3016 4612
651 163 695 227 49

89 383 166 436 μενοι
206 365 239 420 ἐν
275 369 316 436 τῷ
349 359 413 420 τότε
454 357 631 438 Ἀλεξάνδρῳ
676 359 747 435 ὑπὲρ
785 345 840 419 τῶν
884 361 1031 438 γνωρίμων
1072 379 1103 418 νε
1142 361 1190 418 καὶ
1229 357 1264 420 οὗ

90 464 243 526 λαθόντων
277 475 357 544 σφᾶς
391 461 470 536 ὅπως
503 464 669 546 διεπράχθη
703 463 842 542 ξύμφωνα
878 465 1059 542 ἀνέγραψαν,
1119 465 1261 530 Accedit

89 574 172 654 qnod
197 575 241 638 de
264 573 329 638 hac
352 591 387 637 re
404 572 546 653 altera1)
570 576 681 638 exstat
696 571 852 636 memorie
876 589 947 636 oum
973 570 1115 652 epistula
1138 571 1260 652 optime

88 697 282 760 congruens
307 697 401 758 qnam
427 678 600 743 Kaerstius
623 698 664 745 ne
687 681 788 745 verbo
805 679 932 758 quidem
950 677 1074 759 attigit,
1100 678 1260 745 Arrianus

86 793 195 850 antem
214 785 257 851 iis
273 783 417 866 opponit,
441 803 526 864 quae
542 783 747 850 Ptolemaeus
769 796 803 849 et
823 785 1031 849 Aristobulns
1052 785 1261 851 tradiderant

87 891 175 974 (ibid.
204 910 233 956 (t.
260 890 364 974 14‚1):
390 888 610 970 Ἀριστόβουλος
632 891 683 969 μὲν
705 892 779 970 λέγει
810 886 853 952 dac
883 892 930 950 uoci
954 890 1162 967 Καλλισθίνην
1193 897 1260 952 ἐνιᾶ·

85 1021 131 1076 ραν
165 1007 251 1078 σφᾶς
281 996 396 1076 ἔφασαν
425 1002 454 1067 ἐς
482 994 516 1058 cd
545 995 693 1074 τόλμημα·
726 1000 774 1056 καὶ
797 998 982 1074 Πτολεμαῖος
1011 993 1147 1068 ὡσαύτως
1174 995 1259 1076 λέγει,

82 1110 111 1192 oi
143 1107 175 1166 δὲ
213 1107 316 1166 πολλαὶ
355 1105 388 1166 ov’
422 1101 511 1182 raian
548 1103 684 1184 λέγουσιν,
723 1100 800 1163 ἀλλὰ
837 1099 888 1163 ool
922 1115 1007 1180 μῖσος
1043 1104 1099 1183 γὰρ
1135 1101 1169 1165 τὸ
1208 1099 1261 1182 ἤδη

83 1193 115 1272 ’ὃν
159 1209 240 1291 πρὸς
277 1213 483 1287 Καλλισθένην
529 1209 560 1282 ἐξ
597 1207 789 1289 Ἀλεξάνδρου
832 1211 892 1274 κτλ.
954 1208 1085 1275 Curtius
1131 1228 1259 1291 quoque

76 1317 192 1400 ·(VIII,
233 1318 291 1396 VI,
327 1317 383 1402 23)
426 1319 465 1382 de
503 1316 679 1398 Epimene,
722 1315 776 1398 qni
817 1316 953 1382 insidias
993 1316 1132 1396 detexit,
1176 1317 1259 1383 haec

85 1423 179 1489 dicit:
216 1425 318 1489 ‘Tum
353 1424 524 1507 Epimenes
559 1430 671 1489 cuncto
699 1425 808 1489 ordine
838 1427 1093 1507 consciorumque
1128 1429 1260 1490 montem

85 1535 239 1613 exponit*
279 1529 501 1596 Callisthenem
522 1551 587 1596 coa
608 1537 644 1596 ut
660 1534 852 1614 paritatem
876 1532 1035 1612 tumaces
1057 1534 1258 1597 nominatum

83 1659 146 1704 csse
169 1638 354 1704 constabat!
403 1635 598 1702 Hermolaus
627 1655 754 1717 qnoque
786 1655 859 1703 oum
890 1655 926 1701 se
958 1638 999 1703 de
1030 1637 1258 1720 conjuratione

86 1754 274 1825 excusaret,
299 1742 533 1809 Callisthenem
558 1743 794 1826 conjurationis
811 1741 975 1809 conscium
992 1742 1095 1809 fnisse
1111 1744 1256 1827 negavit.

83 1847 187 1933 (Cart.
214 1849 308 1932 VIII,
344 1850 420 1931 VII,
456 1847 512 1932 25)
533 1853 635 1915 ‘ccmo
658 1851 712 1915 cst'
739 1849 847 1928 inquit
883 1852 1129 1932 ‘petractatum
1155 1853 1258 1933 fursee

84 1958 173 2022 mbas
205 1956 432 2022 coarctato
459 1954 571 2022 dicot’:
608 1974 692 2036 qnae
724 1957 892 2021 excusatio
925 1956 1073 2036 quamvis
1103 1958 1256 2023 oratoriis

84 2061 291 2128 ornamentis
308 2073 469 2128 exornata
485 2068 595 2128 tamen
612 2081 677 2128 uon
701 2071 753 2128 est
776 2063 923 2129 aCnntio
939 2063 1032 2130 ficta:
1049 2082 1125 2129 nam
1142 2065 1256 2131 eadem

85 2167 152 2236 fere
177 2169 334 2251 leguntur
358 2171 444 2251 apud
468 2169 644 2235 Arrionum
668 2169 725 2249 IV,
755 2170 802 2251 14,
827 2169 857 2234 2.
901 2172 1014 2252 Neque
1039 2172 1177 2237 decebat
1200 2191 1256 2254 pu·

85 2294 156 2342 eros
181 2275 309 2342 nobiles
332 2275 367 2340 iu
391 2275 502 2358 primis
527 2276 739 2342 Hermolaum
763 2285 1009 2358 praeceptorem
1035 2276 1098 2343 sibi
1127 2287 1255 2360 gratnm

84 2381 360 2467 occeptomqne‘2)
377 2380 545 2448 criminari
561 2387 660 2462 atque
676 2381 710 2448 in
727 2382 904 2465 periculum
929 2402 1056 2450 vocare.
1101 2385 1256 2466 Epistula

85 2487 184 2569 igitur
209 2487 401 2554 Ptolemaeo
425 2497 562 2571 excepto
586 2497 621 2554 et
635 2487 825 2554 Aristobulo
843 2488 995 2570 congruit
1010 2508 1079 2554 cum
1099 2494 1255 2556 memoria

85 2592 318 2674 Hermolaiqne
353 2593 473 2662 verbis.
519 2595 585 2662 Sed
620 2612 661 2660 ne
696 2595 737 2660 ab
773 2595 883 2660 altera
913 2594 1040 2675 quidem
1071 2597 1255 2663 Alexandri

85 2699 234 2782 epistula,
266 2719 363 2780 quam
391 2699 458 2782 jam
489 2698 637 2778 afferam,
672 2700 835 2783 discrepat
858 2700 941 2766 haec
965 2702 1150 2789 epistula³):
1191 2704 1254 2769 hac

84 2806 165 2871 enim
191 2806 301 2889 priore
323 2806 464 2887 epistula
486 2826 551 2873 non
575 2806 764 2872 continetur
787 2806 864 2888 quid
886 2808 1077 2874 Alexander
1100 2811 1141 2874 de
1157 2809 1252 2876 Galli·

84 2915 197 2980 sthene
214 2913 365 2995 senserit,
383 2915 442 2979 sed
458 2913 536 2994 quid
551 2916 644 2997 pueri
662 2913 816 2979 dixerint.
862 2914 1043 2980 Praeterea
1059 2935 1129 2981 oum
1146 2917 1253 2983 altera

83 3037 144 3084 non
168 3021 284 3085 eodem
309 3028 468 3104 tempore,
500 3021 558 3086 sed
581 3030 698 3104 postea
722 3017 866 3107 (ὕστερον)
890 3022 1090 3104 scriptasit,
1121 3024 1253 3089 etiamsi
1347 3001 1355 3012 ’

169 3235 191 3303 1)
211 3236 289 3302 Apud
306 3235 446 3288 Arrianum
465 3235 512 3296 IV,
537 3235 579 3303 13,
598 3236 613 3287 7
633 3233 757 3302 legimus:
786 3239 831 3285 καὶ
858 3229 929 3284 οὗτοι
953 3233 1151 3304 στρεβλοὺμενοι
1179 3237 1253 3306 σφῶν

83 3320 164 3374 αὐτῶν
175 3343 204 3376 τε
213 3324 337 3376 κατεῖπον
344 3323 392 3374 τὶν
403 3321 544 3392 ἐπιβουλὴν
563 3324 610 3375 καί
621 3341 694 3378 τινας
704 3327 748 3373 καὶ
758 3320 851 3378 ἄλλους
859 3319 1008 3392 deiparae.
1038 3324 1112 3378 Haec
1124 3342 1176 3379 non
1189 3333 1252 3381 sunt

82 3414 157 3466 tertia
165 3414 300 3481 memoria,
310 3415 358 3467 sed
368 3412 629 3482 autaaomptorihus
639 3412 685 3480 qui
694 3414 859 3480 negaverunt
869 3411 1055 3466 Callisthenem
1064 3414 1251 3482 conjurationis

83 3503 213 3557 conscium
232 3502 323 3561 inisse.
343 3505 390 3556 aut
407 3501 583 3556 aPtolemae'o
595 3501 801 3570 Aristobuloque
815 3502 911 3555 tradita
924 3504 994 3555 sunt.
1013 3501 1141 3555 Arrianus
1151 3510 1250 3568 autem,

83 3593 123 3658 qui
142 3594 175 3646 de
195 3591 356 3646 Callisthene
377 3591 497 3646 dubitare
517 3591 631 3660 videtur,
659 3607 720 3644 enm
739 3607 792 3644 non
811 3591 940 3644 nomioat:
969 3591 1025 3644 Hos
1047 3595 1136 3644 autem
1156 3589 1252 3650 actm

84 3681 150 3736 τινὰς
167 3696 222 3734 non
240 3679 306 3735 alios
323 3680 415 3749 luisse,
429 3680 481 3734 nisi
493 3695 597 3749 pueros,
621 3696 655 3734 ex
680 3696 711 3732 oo
731 3679 900 3749 perspicuum
919 3681 967 3746 est
993 3680 1063 3747 qnod
1083 3679 1126 3733 alii
1144 3686 1251 3748 praeter

83 3780 173 3834 pueros
192 3784 290 3838 poenas
308 3785 361 3822 non
374 3770 511 3822 dederunt.
548 3767 643 3838 Itaque
669 3785 702 3822 ne
726 3769 792 3822 haec
810 3768 916 3838 quidem
944 3768 1025 3821 verba
1049 3784 1110 3822 cum
1134 3768 1249 3838 epistula

85 3855 236 3927 discrepant.

167 3947 190 4016 ¹)
209 3945 250 4002 (tr.
270 3949 330 4000 Art.
349 3947 396 4016 lv,
417 3946 489 4017 1323
511 3948 579 4016 14,1.

169 4035 319 4105 ³)Hanssn
337 4035 408 4104 (ibid.
427 4051 453 4104 p.
472 4037 535 4104 267)
554 4034 618 4090 dicit
635 4035 683 4089 has
702 4035 767 4089 duas
792 4035 918 4103 epistulas
942 4035 1012 4089 inter
1034 4049 1064 4089 so
1088 4035 1247 4106 discrepare,

86 4123 128 4176 aod
144 4124 204 4178 inde
222 4123 334 4194 intelligi
351 4140 429 4194 posse
447 4139 492 4180 eas
520 4139 597 4179 varas
625 4139 691 4181 esse.
728 4124 847 4178 Pridious
876 4123 949 4190 (ibid.
968 4140 994 4192 p.
1023 4125 1067 4194 67)
1095 4127 1174 4193 nogat
1201 4141 1247 4180 eas

85 4207 148 4264 inter
164 4228 193 4267 se
211 4213 369 4282 discrepare.
406 4227 409 4234 ·

1051 4301 1069 4355 4
