3008 4614
791 86 833 155 82

230 287 341 372 πατρὸς
362 297 416 351 τοῦ
434 291 506 366 ἐμοῦ
529 291 563 352 et
585 281 667 366 παρὰ
677 295 728 348 τοῦ
740 282 859 369 πατρός,
884 290 919 352 oi
938 287 1025 370 apud
1041 285 1217 375 ourtiuml)
1240 288 1298 370 IV,
1317 289 1399 371 XV,

229 396 282 467 56.
312 401 360 464 ‘ut
393 415 441 462 me
472 400 501 462 ct
531 393 682 476 Philippo
710 398 806 474 padre
840 393 973 476 dipocm
1006 392 1065 459 ια’
1102 399 1136 459 et
1159 393 1220 474 IX,
1252 393 1310 478 VI,
1344 393 1402 464 25.

227 504 348 572 ‘itant
369 501 517 584 paternis
546 501 655 581 opidos
685 499 851 566 contento’:
882 497 1030 566 conferas
1061 499 1166 566 Ourtii
1190 500 1283 584 VIII,
1312 501 1341 586 I,
1368 501 1401 582 3,

230 610 286 678 ubi
307 607 500 676 Alexander
522 607 586 673 etsi
608 623 663 672 res
685 603 830 688 Philippi
846 613 966 689 gestas,
984 610 1020 671 ut
1036 605 1236 686 aitCurtIus,
1261 608 1401 692 obterit,

228 721 339 784 tamen
362 712 546 797 Philippum
569 712 715 796 appellat
737 717 870 794 patrem.
916 713 962 778 At
984 713 1013 780 si
1034 713 1223 780 Alexander
1238 714 1402 781 militibus

230 823 267 892 in
290 823 472 891 concionem
496 818 665 888 advocatis
688 837 747 900 pro
766 819 918 902 Philippo
933 819 1147 887 Hammonem
1160 821 1404 905 appellavisset
1496 849 1497 906 j

230 935 367 1014 patrem,
397 933 455 994 aut
478 945 551 994 cum
584 943 636 994 res
670 925 815 1008 Philippi
849 931 960 1008 gertus
996 927 1175 1006 obtereret,
1211 927 1241 993 si
1270 947 1304 994 se
1329 947 1404 995 non

231 1035 392 1121 Philippo,
421 1035 480 1102 sed
510 1033 692 1100 Hammone
719 1031 861 1116 genitum
894 1051 967 1100 osse
990 1032 1134 1116 dixisset,
1170 1041 1260 1102 certe
1286 1055 1403 1103 rerum

230 1145 408 1226 scriptores
430 1140 465 1207 in
488 1139 601 1223 primis
625 1138 755 1206 Curtius
778 1159 818 1206 ea
840 1157 904 1205 non
927 1140 1235 1222 praetermisissent.

319 1266 495 1334 Plutarcho
529 1269 615 1332 teste
639 1263 711 1352 (vit.
747 1265 843 1332 Alex.
877 1265 973 1354 XVI)
1009 1267 1197 1334 Alexander
1227 1266 1325 1356 jussit
1365 1272 1403 1335 in

230 1375 367 1458 praeda,
399 1391 497 1455 quam
520 1373 563 1438 ad
586 1369 764 1440 Granicum
800 1371 890 1452 fecit,
922 1373 1004 1442 haec
1026 1374 1176 1442 inscribi:
1207 1375 1403 1458 Ἀλέξανδρος

230 1486 246 1544 ὃ
272 1483 421 1543 Φιλίστου
448 1483 497 1541 καὶ
522 1485 551 1541 οἱ
566 1475 704 1558 Ἕλληνες
726 1477 799 1558 πλὴν
821 1483 1060 1558 Λακεδαιμονίω
1091 1482 1151 1548 κτλ.
1176 1500 1260 1563 quae
1295 1482 1402 1549 etiam

232 1585 390 1655 Arrianus
429 1585 469 1672 (I,
509 1584 597 1673 16,7)
640 1585 820 1653 confirmat.
881 1586 920 1652 In
962 1587 1105 1669 epistula
1138 1587 1318 1656 Alexandri
1354 1591 1402 1656 ad

229 1697 373 1763 Dareum
406 1694 483 1778 data
512 1691 841 1780 (Arrian.II,14,5)
877 1693 1035 1776 scriptum
1068 1694 1190 1778 legitur
1221 1699 1402 1776 Περινθίοις

231 1796 424 1883 ὀβοηθῆσατι,
447 1801 479 1863 οἳ
496 1797 546 1862 τὸν
568 1796 636 1879 ἐμὸν
651 1797 768 1881 τιατὲρα
791 1801 932 1880 ἠδίκουν.
950 1851 958 1866 .
975 1853 982 1867 .
1000 1851 1007 1866 .
1031 1811 1083 1864 τοῦ
1106 1803 1137 1864 δὲ
1152 1800 1263 1883 πατρὸς
1278 1803 1401 1866 dacoa-

159 1957 163 1964 .
231 1906 342 1981 νόντοςς
374 1907 409 1974 in
443 1907 559 1974 eadem
592 1905 732 1989 epistula
766 1907 852 1989 apud
885 1905 1064 1995 Curtium2)
1091 1909 1246 1990 leguntur
1281 1911 1399 1980 verba.

228 2016 432 2098 ‘Philippeum
448 2019 576 2095 patrem
598 2001 722 2079 morsm)
1492 2015 1493 2036 ³

319 2141 369 2206 De
391 2137 545 2220 Hercule,
569 2136 621 2204 cui
644 2143 757 2219 utpote
781 2135 911 2220 generis
931 2137 980 2204 sni
1003 2141 1130 2206 auctori
1150 2124 1279 2222 saepius
1295 2140 1400 2206 sacri·
1492 2127 1493 2132 ’

230 2245 357 2327 ficavit,
388 2243 468 2310 dicit
491 2243 680 2310 Alexander
707 2244 795 2326 apud
816 2242 991 2310 Arriaum
1014 2246 1055 2326 V,
1079 2243 1156 2330 udo
1180 2251 1195 2308 t
1219 2242 1358 2329 πρόγονος
1383 2248 1400 2309 ὁ

232 2351 374 2434 ἡμέτερος.
425 2349 586 2417 Arrianus
609 2349 653 2432 II,
678 2349 731 2433 5,9
755 2351 838 2417 haec
861 2349 979 2417 tradit:
1015 2356 1148 2414 ἐντεῦθεν
1171 2354 1200 2414 di
1222 2359 1250 2425 ἐς
1277 2351 1402 2417 Μαλλὸν

232 2457 352 2537 ἄφίκετο
368 2495 412 2504 -
423 2494 468 2505 -
479 2460 527 2518 καὶ
539 2455 747 2528 στασιάζοντας
760 2455 927 2539 καταλαβὼν
937 2455 987 2536 τὴν
1000 2457 1101 2521 στοίσιν
1113 2457 1211 2532 αὐτοῖς
1223 2458 1400 2522 κατέπαυσε.

232 2567 281 2626 καὶ
303 2561 369 2636 τοὺς
384 2563 492 2647 φόρους
511 2561 559 2635 οὓς
572 2566 692 2645 βασιλεῖ
701 2565 818 2647 Δαρείῳ
834 2563 982 2644 ἀπέφερον
998 2565 1109 2646 ἀνῆκον,
1135 2562 1179 2628 ὅτι
1197 2565 1331 2647 Ἀργείων
1346 2571 1400 2646 μὲν

231 2673 392 2734 Μαλλωταὶ
405 2666 522 2734 ἄποικοι
534 2665 616 2750 ἦσαν,
628 2668 715 2741 αὐτὸς
726 2672 757 2732 ol
771 2670 820 2732 ἀπ’
829 2666 948 2753 Ἄργους
959 2681 1013 2734 τῶν
1022 2674 1217 2751 Ἡρακλειδῶν
1228 2671 1299 2734 εἶναι
1311 2673 1399 2752 ἠξίου.

233 2777 302 2861 Quo
325 2779 420 2844 modo
442 2777 633 2844 Alexander
656 2778 816 2844 adversus
839 2777 933 2844 Sibos
957 2797 993 2844 se
1016 2779 1165 2862 gesserit,
1195 2779 1298 2846 tradit
1321 2781 1399 2847 Dio·

233 2886 331 2951 dorus
354 2883 465 2968 XVII,
490 2881 564 2964 96‚l
582 2902 652 2966 sqq.
700 2883 822 2966 Quodsi
843 2884 1031 2952 Alexander
1053 2885 1260 2953 Heraclidem
1284 2905 1320 2953 se
1342 2907 1398 2954 no-

232 2990 336 3058 minat
358 2997 393 3058 et
426 2995 462 3058 ut
484 2990 680 3058 Heraclides
715 2990 875 3058 adversus
909 2992 1056 3058 hominos
1091 3010 1126 3058 se
1160 2992 1255 3076 gerit,
1290 2993 1398 3075 palam

232 3097 407 3183 profitetur
429 3116 464 3165 se
488 3115 553 3164 non
576 3096 776 3180 Hammonis,
801 3099 858 3164 sed
881 3097 1026 3182 Philippi
1056 3098 1156 3165 filium
1181 3118 1261 3166 esse.
1306 3102 1399 3168 Haec

234 3208 342 3270 autem
360 3205 473 3284 verba,
494 3221 576 3284 quae
595 3204 784 3270 Alexander
800 3204 921 3272 dixisse
938 3210 996 3272 ant
1012 3205 1181 3287 scripsisse
1197 3207 1314 3289 fertur,
1332 3226 1398 3273 non

233 3301 365 3378 suntin
388 3309 517 3376 illorum
540 3311 714 3377 verborum
738 3329 867 3394 genere,
893 3310 1009 3390 quibus
1032 3312 1211 3394 scriptores
1234 3310 1398 3379 orationes

234 3424 403 3501 exornant,
430 3423 465 3482 ut
486 3428 579 3500 putes
596 3433 635 3482 ea
652 3418 693 3482 ab
710 3417 898 3484 Alexandro
912 3436 976 3484 non
992 3435 1064 3484 esse
1080 3417 1182 3484 diota:
1206 3437 1281 3484 nam
1298 3418 1328 3484 si
1343 3417 1398 3484 ille

235 3526 381 3596 ψιλιιιιιος
402 3527 461 3589 aut
487 3518 635 3604 Ἡρακλῆς
658 3521 803 3608 dixisset,
835 3542 899 3590 non
924 3531 997 3591 erat
1020 3543 1078 3590 cur
1100 3525 1277 3609 scriptores
1302 3543 1342 3592 oa
1364 3523 1398 3590 in

323 3790 343 3858 1)
360 3789 517 3846 Plutarchus
536 3787 583 3844 vii.
597 3787 661 3856 Lys.
679 3789 758 3846 XXX
772 3789 804 3842 de
816 3789 982 3860 Theopompo
1000 3789 1077 3844 dicit:
1097 3787 1117 3856 ὦ
1131 3787 1233 3858 μᾶλλον
1245 3787 1398 3842 ἐπαινοῦντι

232 3871 387 3931 πιστεύσειεν
404 3871 436 3930 ἄν
454 3897 492 3934 τις
508 3876 528 3946 ἢ
546 3877 663 3948 ψέγοντι,
681 3875 758 3948 ψέγει
776 3877 826 3949 γὰρ
842 3870 921 3946 ἥδιον
939 3876 956 3944 ἢ
973 3877 1083 3933 ἐπαινεῖ.
1103 3895 1170 3948 quae
1189 3895 1249 3934 oum
1262 3878 1295 3932 de
1308 3879 1396 3934 Curtio

232 3983 337 4038 quoque
355 3967 405 4022 dici
423 3967 531 4037 possint,
559 3967 601 4021 his
630 3967 688 4034 eius
706 3965 770 4021 locis
797 3967 876 4024 fidem
904 3968 995 4037 habeo,
1023 3967 1177 4037 praesertim
1206 3983 1266 4021 cnm
1293 3983 1328 4022 ne
1355 3966 1395 4020 his

234 4056 340 4125 quidem
357 4055 421 4110 locis
439 4055 591 4111 Alexander
608 4054 738 4111 laudetur.

324 4161 344 4232 ¹)
362 4162 434 4220 oue.
452 4161 499 4232 nv,
517 4161 539 4231 1,
558 4158 583 4215 a.
