3016 4612
675 165 695 230 b

99 359 189 440 quod
205 357 357 428 Pridieus
374 359 456 426 dicit
471 360 687 427 Plutarchum
702 367 888 442 pertaesum
912 376 986 425 esse
1003 349 1160 442 epistulas
1185 359 1274 426 colli-

98 482 191 546 gere,
206 473 359 532 anatura
369 466 459 533 illius
469 465 640 548 scriptoris
653 466 819 533 abhorret.
858 465 1069 546 Nequeexiis
1086 465 1175 547 locis,
1193 484 1273 545 quos

96 570 256 638 Pridieus
273 572 524 639 Westermauno
545 577 679 638 auctore
694 571 854 655 laudavit,
879 570 1044 654 colligitur
1061 571 1274 638 Plutarchum
1327 645 1329 652 ,

97 676 265 758 epistulas
299 697 340 744 ex
375 679 587 761 epistularum
611 697 745 760 corpore
770 678 1018 760 deprompsisse.
1065 677 1273 759 Antipatrum

98 789 214 848 autem
230 785 413 851 Alexandri
436 784 596 867 epistulas
611 784 754 852 edidisse
772 784 893 852 stione
911 790 953 869 (v.
964 783 1167 871 Ἀντίπατρος)
1182 783 1273 849 testi-

98 890 222 974 monio,
254 911 316 971 quo
339 890 492 958 Pridicus
520 891 646 970 nititur,
683 910 748 958 non
777 893 947 973 probatur:
981 908 1059 956 nam
1087 909 1128 956 ex
1153 889 1274 958 Suidae

98 997 214 1064 Verbis
246 1000 397 1058 κατέλιπεν
429 996 656 1084 (Ἀντίπατρος)
696 999 853 1060 ἐπιστολῶν
886 997 1058 1078 σύγγραμμα
1094 1003 1123 1058 dr
1156 998 1275 1078 βιβλίοις

98 1107 164 1163 συσὶ
190 1121 258 1170 uon
283 1111 334 1170 est
357 1103 574 1186 colligendum
597 1104 671 1170 illos
693 1105 795 1170 libros
820 1104 1000 1171 Alexandri
1017 1103 1176 1187 epistulas
1200 1120 1274 1168 con-

98 1209 262 1291 tinuisse;
296 1213 392 1276 immo
421 1228 463 1276 ex
488 1209 643 1276 Cicerone
668 1209 730 1296 (De
753 1208 870 1276 officiis
893 1211 938 1292 Il,
971 1208 1024 1292 14,
1047 1207 1118 1294 48.)
1151 1208 1274 1290 perspi·

99 1334 198 1381 cuum
224 1321 276 1382 est
297 1316 373 1382 illas
396 1317 499 1400 ipsius
522 1316 692 1398 Antipatri
715 1315 874 1398 epistulas
897 1315 1016 1382 fuisse:
1044 1316 1163 1382 Suidas
1187 1313 1272 1380 enim

99 1424 171 1488 sine
198 1423 298 1490 dubio
321 1424 449 1490 easdem
485 1427 585 1503 atque
610 1421 726 1489 Cicero
763 1424 922 1504 epistulas
956 1423 1060 1505 novit,
1099 1439 1183 1504 quae
1217 1428 1275 1485 aut

100 1547 217 1595 omnes
240 1536 299 1596 aut
322 1528 463 1595 maxima
497 1547 538 1596 ex
568 1536 665 1611 parte
697 1530 775 1610 quin
802 1529 956 1596 subditae
986 1528 1109 1596 fuerint
1136 1535 1274 1594 nonest

100 1635 255 1702 dubium:
278 1645 347 1702 tres
364 1635 448 1702 enim
465 1634 745 1718 prudentissimos,
770 1655 850 1718 quos
867 1636 982 1702 Cicero
998 1636 1155 1718 appellat,
1179 1650 1275 1715 reges

101 1741 197 1822 qnasi
228 1761 269 1808 ex
297 1741 474 1824 composito
508 1742 666 1825 epistulas
700 1743 741 1808 de
776 1744 891 1809 eadem
925 1759 961 1806 re
1003 1740 1172 1823 scripsisse
1203 1736 1276 1807 veri

100 1848 213 1914 simile
242 1867 307 1914 non
330 1855 380 1915 est
389 1849 421 1935 ¹).
468 1850 559 1915 Haec
583 1850 622 1915 de
646 1848 772 1915 Pridici
795 1847 969 1914 sententia.

195 1955 501 2043 Westermannusl)
514 1955 727 2037 epistularum
739 1953 925 2022 Alexandri
937 1956 999 2020 duo
1016 1952 1126 2020 fontes
1139 1953 1273 2019 statuit:

100 2063 243 2127 alterum
267 2059 370 2127 luisse
404 2081 515 2128 rerum
538 2061 722 2128 Alexandri
756 2061 932 2142 scriptores
967 2060 1112 2144 ejusdem
1147 2058 1275 2131 aetatis,

102 2168 244 2233 alterum
270 2185 309 2233 ea
332 2173 443 2234 aetate
468 2182 572 2234 ortum
599 2186 682 2248 esse,
708 2187 771 2249 qua
795 2167 983 2234 exstiterint
999 2167 1054 2248 qui
1070 2185 1112 2233 ex
1128 2165 1274 2248 epistulis

103 2272 251 2340 virorum
275 2275 439 2340 clarorum
455 2275 652 2357 effingendis
668 2281 841 2357 quaestum
858 2273 1018 2340 facerent.
1066 2273 1143 2340 Cum
1165 2278 1274 2338 autem

103 2378 180 2445 libri
197 2397 308 2446 rerum
323 2381 507 2447 Alexandri
523 2380 716 2464 scriptorum
733 2382 878 2465 ejusdem
901 2381 1021 2448 aetatis
1035 2379 1273 2457 interciderint,

103 2505 168 2552 uon
194 2487 424 2569 demonstrari,
450 2489 508 2554 sed
533 2487 650 2571 conjici
680 2505 775 2569 posse
806 2488 880 2554 illos
910 2486 1088 2568 scriptores
1116 2485 1275 2567 epistulas

106 2595 283 2660 memoriae
305 2593 492 2676 prodidisse
516 2593 713 2675 dubiumque
737 2611 809 2661 esse
833 2612 906 2659 num
923 2594 973 2659 illi
988 2591 1077 2661 veris
1093 2588 1274 2657 Alexandri

107 2698 257 2781 epistulis
281 2700 328 2767 uti
352 2705 518 2782 potuerint
541 2712 599 2767 aut
621 2701 802 2769 volueriut:
832 2719 873 2766 ex
896 2700 1078 2766 Alexandri
1108 2698 1195 2764 enim
1225 2715 1274 2762 so·

106 2805 235 2872 delibus
259 2805 460 2887 militumque
476 2806 663 2890 praefectis,
688 2806 742 2888 qui
765 2825 819 2872 res
835 2808 907 2891 ejus
923 2811 1036 2889 gestas
1053 2805 1273 2887 exposuerint,

105 2912 287 2978 Eumenem
303 2911 453 2995 privatas
470 2913 610 2978 maxime
632 2931 685 2980 res
709 2912 893 2981 Alexandri
915 2914 1107 2992 illustrasse,
1132 2911 1275 2991 reliquos

105 3037 166 3083 uon
193 3037 305 3085 omnes
328 3022 414 3086 tales
439 3019 550 3102 fuisse,
575 3019 630 3100 qui
654 3019 843 3086 Alexandro
860 3020 1021 3101 epistulas
1037 3019 1194 3085 scribenti
1217 3024 1276 3083 aut

107 3124 247 3190 dictanti
270 3143 377 3191 coram
402 3127 565 3210 adessent,
590 3127 649 3192 sed
673 3125 840 3193 auditione
862 3133 991 3192 tantum
1017 3124 1163 3191 etfama
1193 3123 1275 3190 talia

106 3230 273 3314 accepisse
297 3249 402 3312 neque
424 3231 513 3299 inter
528 3231 616 3314 ipsos
639 3232 718 3298 belli
733 3233 889 3315 strepitus
905 3231 1063 3298 historiae
1079 3232 1275 3298 scribendae

108 3338 277 3403 materiem
306 3339 405 3403 anxie
435 3337 680 3421 conquisivisse,
712 3339 772 3404 sed
803 3345 918 3421 postea
946 3340 1073 3406 demum
1101 3338 1275 3419 aliquando

107 3449 399 3526 rerumgestarum
414 3444 602 3511 memoriam
617 3444 882 3528 redintegrass03
906 3463 1011 3527 neque
1034 3445 1108 3512 illos
1131 3444 1275 3510 homines

108 3550 298 3631 plerumque
313 3552 353 3616 de
370 3552 514 3620 veritate
527 3569 642 3633 parum
658 3552 816 3618 sollicitos
832 3563 1028 3618 ornamenta
1044 3551 1274 3635 pigmentaque

109 3656 254 3721 oratoria
278 3663 474 3738 aspernatos
498 3675 580 3740 esse,
606 3659 724 3738 quibus
739 3658 873 3724 lectoris
889 3658 1078 3725 oblectandi
1093 3676 1192 3724 cansa
1208 3674 1274 3722 ser-

109 3761 209 3828 monis
233 3768 380 3829 teuorem
405 3761 645 3858 distinguerent
668 3771 766 3845 atque
789 3765 968 3833 variarent.
1016 3766 1117 3847 Quam
1142 3765 1275 3829 obrem

110 3883 143 3932 se
166 3868 303 3951 adduci,
337 3875 373 3934 ut
402 3868 577 3934 maximam
609 3868 821 3950 epistularum
852 3871 1035 3936 Alexandri
1063 3874 1193 3951 partem
1224 3887 1274 3934 se·

110 3993 318 4004 *a

197 4046 217 4114 ¹)
235 4046 268 4099 In
287 4045 377 4098 eadem
398 4044 530 4098 sententia
548 4046 589 4098 est
606 4045 745 4099 Kaerstius
763 4045 891 4114 Philolog.
910 4045 946 4099 LI
965 4061 990 4115 p.
1010 4047 1071 4104 605.
1243 4116 1245 4120 Ι

196 4134 218 4202 ¹)
238 4133 278 4186 De
298 4133 471 4202 epistularum
491 4132 661 4201 scriptoribus
687 4133 794 4186 Graecis
821 4136 1048 4190 commentationis
1073 4152 1134 4204 pars
1159 4137 1194 4206 II,
1213 4125 1274 4205 Lip-

111 4221 160 4275 siae
179 4222 249 4276 1852
268 4238 293 4290 p.
313 4225 330 4278 5
348 4237 405 4290 sqq.
