3008 4614
831 42 873 108 74

266 251 333 302 cum
365 237 534 315 aPersis,
567 245 636 304 tum
666 238 788 304 iterum
819 240 860 304 ab
892 237 1150 320 Atheniensibus
1162 237 1184 325 ¹)
1215 235 1428 308 obtinebatur.

264 345 375 424 Atque
405 342 505 410 etiam
537 342 738 426 adjectivum
762 347 860 422 κυρίου
889 343 923 410 in
951 342 1167 426 suspicionem
1198 344 1299 412 cadit.
1331 361 1430 424 neone

263 451 352 516 enim
391 449 449 516 alii
483 448 669 531 Philippum
708 449 891 516 Alexandri
929 445 1027 528 alpos
1060 450 1291 532 appellabant,
1331 467 1430 528 neque

265 555 455 622 Alexander
487 555 516 620 is
546 562 632 636 erat,
670 557 726 636 qui
758 555 945 637 Philippum
980 565 1038 622 aut
1072 558 1113 623 ab
1146 555 1220 622 aliia
1256 561 1315 622 ant
1346 575 1368 622 a
1400 574 1431 621 se

264 660 430 728 dominum
453 679 545 728 sunm
568 661 730 744 appellari
752 661 968 749 patereturi).

355 766 446 849 Quae
475 785 546 833 cum
578 769 626 836 ite
650 767 731 852 sint,
756 766 854 834 facile
885 768 1045 851 adducor,
1078 774 1115 836 ut
1144 768 1243 852 hujus
1275 767 1432 850 epistulae

265 872 458 954 scriptorem
491 892 557 940 non
588 874 813 940 Alexandrum
848 871 950 940 fuisse
981 875 1128 954 credam,
1164 875 1223 940 sed
1257 871 1431 953 falsarium,

271 977 326 1058 qui
348 979 438 1046 nulla
460 978 530 1047 fere
559 979 709 1046 veritatis
733 982 862 1048 rationo
894 980 1009 1047 habita
1032 980 1116 1046 talia
1139 979 1262 1058 scribit,
1295 997 1380 1060 quae
1401 989 1432 1044 et

266 1102 337 1150 cum
376 1102 485 1150 rerum
525 1085 713 1154 conditione
748 1093 912 1167 pugnant,
952 1097 987 1152 et
1024 1087 1066 1152 ab
1100 1085 1285 1152 Alexandri
1318 1098 1433 1152 natura

262 1190 451 1258 abhorrent
496 1191 676 1258 Praeterea
707 1191 872 1274 epistulae
895 1194 999 1260 verba
1030 1191 1311 1274 perturbationem
1333 1189 1431 1258 animi

265 1303 364 1375 atque
375 1296 457 1362 iram
471 1298 632 1377 quandam
645 1297 829 1364 Alexandri
843 1298 1001 1377 indicant,
1019 1299 1105 1364 unde
1117 1305 1255 1380 apparet
1265 1296 1431 1366 falsarium

265 1401 447 1470 Alexandri
478 1421 654 1484 personam
686 1422 804 1487 gerere
835 1422 901 1470 non
934 1404 1092 1486 potuisse:
1129 1423 1205 1470 aem
1236 1403 1431 1481 Alexander,

266 1509 323 1587 qui
357 1525 485 1591 semper
518 1509 552 1574 in
582 1509 805 1578 Athenienses
839 1512 924 1576 hono
958 1510 1068 1578 animo
1103 1510 1214 1597 initii),
1252 1512 1316 1594 qni,
1350 1515 1432 1576 teste

263 1612 407 1680 Diodoro
447 1614 568 1698 (XVII,
606 1613 716 1703 113,4)
758 1616 814 1682 illo
855 1629 1002 1698 tempore
1044 1618 1193 1684 omnibus
1236 1616 1431 1683 Graecorum

264 1717 487 1801 legationibus
517 1727 614 1802 grata
644 1739 803 1804 responsa
834 1721 940 1806 dedit,
970 1720 1227 1788 Atheniensibus
1258 1741 1338 1790 vero
1366 1720 1431 1787 sive

264 1822 320 1890 illo
351 1833 497 1908 tempore
533 1825 676 1912 (Arriam
709 1828 784 1909 Vll,
815 1826 914 1912 19,2,)
954 1827 1024 1894 sive
1061 1833 1164 1893 antea
1193 1828 1338 1910 (Arrian.
1367 1826 1426 1907 Ill,

266 1929 340 2012 lb,7
376 1932 440 2016 sq.)
487 1932 659 2000 Harmodii
694 1932 994 2016 Aristogitonisqne
1025 1940 1153 2000 statuae
1177 1935 1320 2013 remisit,
1351 1932 1430 2014 quod
1482 1951 1483 1958 ¹

265 2036 517 2106 benevolentiae
540 2038 695 2106 indicium
719 2047 802 2120 erat,
826 2047 918 2106 certe
941 2041 984 2106 ad
1000 2040 1232 2118 Athenienses,
1257 2059 1336 2120 quos
1351 2036 1431 2104 anti

263 2142 472 2223 aestimabat,
498 2153 565 2210 tam
588 2147 706 2212 acerbe
729 2148 873 2214 scrihere
895 2165 961 2212 non
984 2154 1124 2227 poterat.

281 2313 285 2318 ,
354 2252 463 2329 Atque
477 2249 576 2318 eliam
600 2269 642 2316 ex
657 2253 783 2319 Verbis:
808 2249 919 2332 πατρὸς
941 2259 1012 2331 ἐμοῦ
1035 2257 1322 2333 προσαγορευομένου
1343 2256 1428 2334 patet

266 2354 439 2435 epistulam
461 2356 627 2423 subditam
652 2375 734 2424 esse.
775 2356 839 2439 Qui
863 2361 947 2426 enim
971 2359 1054 2424 haec
1078 2359 1194 2425 scribit
1210 2358 1319 2440 palam
1335 2363 1428 2439 negat

265 2479 300 2526 se
324 2479 342 2526 e
365 2462 518 2545 Philippo
542 2470 650 2530 ortum
675 2482 758 2546 esee,
787 2466 873 2546 quod
898 2484 970 2532 cum
993 2466 1110 2532 mirum
1135 2468 1189 2542 sit,
1214 2464 1426 2546 quaerendum

265 2575 316 2633 est
338 2574 448 2635 utrum
471 2571 652 2637 crediderit
681 2572 871 2640 Alexander
895 2573 1105 2654 Graecosque
1129 2573 1265 2640 credere
1293 2567 1426 2640 voluerit
1481 2577 1482 2598 ¹

264 2693 299 2740 se
316 2675 498 2742 Hammone
513 2677 659 2759 genitum
683 2696 755 2744 esse
774 2696 886 2744 neone.
929 2678 994 2746 Sed
1016 2698 1059 2745 ne
1073 2679 1191 2760 longus
1207 2677 1267 2744 sim
1290 2673 1426 2743 laudatis

263 2789 391 2848 tantum
412 2781 503 2864 locis,
529 2781 644 2862 quibus
669 2784 710 2849 de
734 2783 917 2851 Alexandri
942 2787 1191 2852 consecratione
1216 2784 1335 2865 agitur,
1365 2797 1426 2848 non

263 2893 330 2951 tam
355 2905 398 2952 ex
419 2888 531 2954 multis
558 2889 753 2971 saepiusque
776 2889 865 2956 inter
887 2910 923 2957 se
953 2888 1215 2972 discrepantibus
1237 2888 1425 2967 rumoribus

264 3010 345 3072 quos
375 2994 414 3058 de
444 2994 506 3058 hac
537 3012 574 3062 re
603 3001 696 3060 aetas
726 2994 848 3061 talibus
880 2996 1071 3064 commentis
1107 2995 1226 3063 fertilis
1259 2992 1426 3062 memoriae

263 3098 416 3180 prodidit,
442 3117 538 3180 quam
559 3120 600 3168 ex
622 3101 725 3184 ipsius
740 3102 922 3170 Alexandri
945 3103 1042 3170 dictis
1066 3102 1232 3186 factisque
1248 3105 1288 3171 de
1311 3103 1370 3170 hac
1389 3116 1424 3164 re
1480 3145 1481 3182 3

260 3203 487 3286 judicabimus.
1480 3193 1481 3208 ¹

354 3363 373 3432 1)
394 3363 434 3416 De
453 3364 659 3418 Atheniensibus
678 3367 710 3419 ci.
730 3366 855 3421 Sohaefer
873 3367 934 3424 ibid.
953 3367 988 3435 ll,
1007 3384 1032 3436 p.
1050 3368 1113 3423 474.

239 3516 240 3519 ¹
353 3451 373 3518 ²)
392 3451 424 3505 ld
443 3453 511 3520 quod
524 3453 691 3522 perspexisse
709 3455 814 3509 videtur
826 3456 876 3510 Dio
891 3457 1095 3524 Chrysostomus
1114 3459 1179 3510 orat.
1193 3457 1226 3510 de
1243 3457 1361 3525 regnoll
1377 3453 1422 3510 vol.

261 3539 275 3593 l
294 3555 319 3607 p,
339 3539 373 3595 22
391 3554 431 3608 sq,
450 3541 491 3593 ed.
505 3541 583 3597 Dind.
603 3543 648 3611 qui
667 3559 729 3597 eum
744 3560 805 3597 cum
818 3544 955 3614 Philippus
967 3545 1155 3613 interrogasset
1171 3542 1239 3596 Ἀλλ’
1258 3543 1356 3612 ου’χιῐοί
1369 3541 1424 3612 ἐμοῦ

258 3647 289 3696 ys
311 3626 445 3696 piacciaa'sr,
429 3623 659 3701 admiserim
681 3631 747 3684 haec
760 3633 964 3700 respondentem
982 3633 1046 3687 facit
1063 3630 1093 3683 οὗ
1111 3632 1161 3702 γὰρ
1173 3634 1207 3688 cic
1220 3631 1353 3703 piscaliolo,
1372 3629 1423 3683 ἀλλ’
1479 3685 1480 3714 ¹

261 3717 582 3788 ώοπατρὸοοῖοιοοωσοο.
606 3719 1424 3791 etJulranusorat1‚410v01.1p.51ecHertlomcpa

260 3808 294 3876 γὰ
295 3829 310 3875 (ο
332 3805 519 3879 (Ἀλέξανδρος)
537 3808 671 3880 metodorus
681 3809 719 3861 ac
730 3805 826 3880 κομιδῃ
835 3811 893 3862 νέον
907 3805 1012 3878 δῆλος
995 3830 1028 3877 ην
1037 3811 1082 3863 τοῦ
1100 3810 1197 3881 πατρὸς
1210 3808 1255 3862 οὖν
1278 3809 1324 3863 oica
1325 3807 1424 3878 ξόμονοο

261 3894 429 4053 ἅρχοπξσῦΐ.
449 3985 518 4040 Plnt.
537 3987 583 4041 vit.
602 3985 684 4043 Phoc.
710 3984 798 4055 XVII,
818 3989 849 4057 ὃς
875 3987 917 4040 vit
939 3987 1017 4043 Alex.
1040 3988 1116 4056 Xlll,
1135 3986 1214 4057 XVl;
1238 3985 1422 4055 Am.1,1o,7;

260 4073 308 4140 nr,
328 4074 386 4141 o,a;
404 4074 479 4128 nior.
498 4073 587 4143 xvn,
608 4077 682 4143 ro,5;
701 4075 772 4144 eeu.
