3008 4614
826 171 870 239 80

262 369 328 438 Sed
355 369 518 436 Philotam
548 375 615 436 tam
644 371 762 437 acerbe
790 367 999 450 rescripsisse
1033 387 1146 451 parum
1179 369 1338 435 credibile
1371 374 1427 450 est,

261 478 453 559 praesertim
478 494 550 541 cum
566 475 757 542 Alexander
779 476 910 541 adeum
935 493 970 541 sa
981 473 1082 542 -Iovis
1097 473 1199 540 filium
1216 477 1352 541 credere
1367 493 1429 540 non

261 582 438 667 scripserit.
991 585 993 589 '

350 689 568 757 Callisthenes
592 688 733 770 deniqne
749 688 837 770 apud
855 689 1065 756 Plutarchum
1084 687 1140 755 vit.
1165 689 1260 754 Alex.
1278 684 1430 751 XXXIII

262 794 341 863 dicit
363 796 587 862 Alexandrum
611 796 654 861 ad
677 795 881 876 Gaugamela
912 796 990 860 deos
1017 798 1209 878 praecatum
1239 810 1327 859 esse:
1352 790 1429 871 sdrap

261 899 350 972 ὅπως
372 901 481 964 Διόθεν
504 904 565 962 ἐστὶ
588 902 714 983 γεγονώς,
740 901 845 978 ἀμῦναι
876 904 925 962 καὶ
955 909 1165 979 συνεπιρρῶσαι
1194 897 1261 970 τοὺς
1278 895 1429 988 Ἕλληνας,

261 1027 345 1088 quae
367 1006 430 1074 nisi
453 1005 538 1073 forte
556 1026 577 1073 a
593 1005 796 1074 Callisthene
814 1025 904 1072 more
920 1005 1093 1072 Homerico
1116 1006 1195 1071 ficta
1223 1009 1310 1088 sunt,
1341 995 1416 1087 potu

262 1121 316 1180 rat
338 1113 527 1179 Alexander
550 1119 588 1180 ut
610 1111 805 1180 Heraclides
834 1113 952 1180 dicere.
998 1112 1180 1178 Praeterea
1204 1111 1318 1194 extis,
1348 1101 1429 1190 quae

259 1217 357 1302 dixit,
382 1228 419 1285 ut
447 1217 584 1284 militum
619 1219 744 1286 animos
776 1219 995 1302 confirmaret,
1030 1236 1093 1284 non
1128 1224 1178 1284 est
1217 1216 1429 1308 colligendum

263 1343 334 1390 eum
358 1332 569 1405 aspernatum
593 1343 664 1393 esse
680 1325 865 1409 PhiIippum
882 1330 1021 1407 patrem,
1044 1323 1239 1405 praesertim
1255 1341 1328 1388 cum
1340 1319 1430 1387 testi·

261 1430 371 1497 monia
407 1436 548 1511 exstent,
585 1433 703 1512 quihus
760 1431 967 1497 confirmetur
1006 1430 1232 1496 Alexandrum
1266 1446 1431 1509 nunquam

262 1536 399 1603 oblitum
423 1555 495 1603 esse
518 1537 681 1604 humanae
697 1543 836 1605 naturae
860 1555 949 1616 suae,
975 1555 1059 1618 quae
1072 1543 1161 1602 certe
1178 1554 1243 1601 non
1265 1534 1432 1600 finxerunt

262 1661 370 1709 rerum
395 1643 581 1726 scriptores
605 1650 642 1709 ut
665 1644 889 1709 Alexandrum
912 1648 1108 1726 purgarent:
1130 1661 1205 1708 nam
1231 1639 1373 1722 Curtius,
1398 1649 1432 1705 ut

261 1750 429 1816 Romanus
454 1749 589 1828 sedicet,
615 1760 648 1816 et
671 1751 837 1828 Aelianus,
868 1751 922 1830 qui
950 1750 1108 1814 Romanis
1135 1748 1287 1830 indulget
1310 1747 1365 1833 (V.
1390 1747 1430 1812 H.

261 1856 340 1934 XII,
365 1855 426 1935 253
457 1856 549 1938 XIV,
573 1854 640 1942 45.)
667 1856 820 1922 Julianus
848 1864 882 1920 et
905 1854 1003 1938 Di01)
1031 1854 1087 1936 qui
1117 1854 1245 1935 dicitur,
1277 1852 1430 1919 acerbius

261 1980 493 2042 nonnunquam
507 1963 547 2026 de
561 1962 748 2027 Alexandro
765 1962 915 2044 jndicant
930 1967 1028 2042 atque
1044 1961 1144 2028 etiam
1159 1959 1313 2029 veritalis
1330 1960 1431 2041 negli-

261 2073 378 2150 gentes
401 2069 560 2147 quidquid
583 2068 765 2133 Alexandri
793 2067 914 2134 famam
938 2070 1115 2135 obscurare
1144 2071 1254 2150 potest
1281 2066 1430 2132 lubenter

262 2181 474 2254 exaggerant
498 2174 557 2237 sed
579 2173 723 2239 Arianos
746 2181 778 2241 et
802 2175 873 2257 ipse
897 2174 1105 2257 Plutarchus,
1130 2173 1185 2254 qui
1208 2172 1320 2256 palam
1335 2170 1430 2255 proli-
1487 2177 1488 2180 ’

261 2287 351 2345 tetur
384 2278 606 2344 Alexandrum
630 2278 809 2364 diligerc‚2)
833 2281 1008 2348 veritatem
1032 2279 1136 2361 pluris
1160 2297 1257 2361 quam
1288 2277 1430 2344 Alexan·
1487 2295 1488 2322 ³

262 2386 356 2451 drnm
370 2383 498 2450 faciunt
511 2385 647 2468 ejusque
663 2385 746 2453 vitia
762 2386 1004 2470 reprehendere
1020 2405 1083 2452 non
1100 2381 1291 2468 dubitante>
1329 2384 1430 2451 Prae-

260 2503 354 2556 terea
378 2490 460 2558 haec
482 2510 547 2557 non
564 2498 640 2557 sunt
662 2493 755 2574 talia,
779 2500 817 2558 ut
843 2493 916 2558 illos
941 2492 1118 2576 scriptores
1141 2493 1184 2556 ad
1207 2491 1431 2557 Alexandrum

261 2597 497 2666 defendendum
523 2616 563 2662 ea
586 2597 762 2681 protulisse
786 2598 910 2664 credas.
1487 2677 1488 2682 Ἰ

349 2706 431 2770 Nam
456 2704 679 2770 Alexandrum
707 2711 840 2786 accepto
864 2703 998 2772 vulnere
1021 2704 1124 2768 verba
1147 2701 1204 2768 illa
1227 2714 1311 2764 τοῦτο
1335 2698 1434 2780 piacl

261 2812 352 2888 pilot,
386 2807 419 2872 τὸ
446 2807 513 2889 p's'or
548 2806 621 2886 αἷμα
655 2813 704 2870 καὶ
732 2809 783 2871 οὐκ
813 2806 896 2890 ἰχώρ,
932 2805 992 2879 οἷός
1024 2809 1079 2885 ιιέρ
1114 2831 1144 2868 ιε
1179 2809 1237 2885 ῥέει
1264 2805 1429 2888 μακάρεσσι

260 2917 409 3002 θεοῖσιν)
445 2915 567 2982 dixisse
602 2916 759 2981 traditum
794 2914 883 2999 est,⁵)
922 2932 1006 2993 quae
1029 2913 1273 3000 Aristobulusl)
1297 2913 1429 2994 Dioxip·
1487 2929 1488 2936 ¹

259 3040 336 3104 pum
360 3021 603 3105 Atheniensem,
628 3021 789 3105 Senecal)
814 3018 1047 3086 Callisthenem
1071 3019 1193 3085 dixisse
1223 3019 1336 3084 tradit.
1366 3020 1430 3086 Sed
1487 3021 1488 3026 ’

260 3128 449 3193 Alexander
473 3127 543 3195 sive
567 3126 638 3212 ipse
663 3146 703 3193 ea
726 3127 820 3206 dixit,
845 3129 915 3195 sive
939 3145 980 3192 ea
1002 3143 1118 3208 passus
1142 3135 1202 3205 est,
1228 3131 1319 3192 certe
1334 3123 1429 3207 profi·

350 3409 373 3477 1)
390 3409 431 3462 De
449 3410 556 3462 fortuna
574 3413 638 3462 orat.
657 3409 754 3476 LXIV,
773 3409 825 3462 vol.
845 3409 873 3462 H
891 3426 914 3478 p.
935 3407 987 3462 212
1006 3409 1047 3462 ed.
1066 3407 1147 3462 Dind.

351 3497 371 3565 2)
389 3498 430 3550 De
449 3513 509 3551 sera
527 3497 643 3549 numinis
662 3497 778 3550 vindicte
796 3499 848 3553 557
858 3498 886 3550 Β.

351 3585 372 3654 ³)
391 3589 450 3640 Arr.
469 3585 518 3654 111,
539 3584 581 3653 18,
602 3585 647 3651 123
666 3584 726 3646 VII,
746 3585 807 3652 23,6
826 3600 883 3654 sqq.
919 3584 990 3641 Plut.
1008 3584 1070 3638 ibid.
1091 3587 1118 3637 et
1136 3584 1182 3640 vit.
1202 3583 1279 3639 Alex.
1300 3583 1370 3640 LIX

348 3676 372 3744 ⁴)
390 3674 500 3728 Homer.
519 3671 551 3738 ll,
570 3672 602 3742 V,
622 3691 647 3726 v.
667 3674 728 3730 340.

350 3763 371 3832 6)
390 3762 460 3816 Plut.
480 3761 526 3815 vit.
546 3761 623 3815 Alex.
642 3764 780 3828 XXVIII;
808 3761 873 3829 Reg.
897 3763 925 3815 et
942 3762 1004 3831 imp.
1032 3760 1264 3831 apophth.180E;
1292 3763 1334 3817 De
1351 3757 1426 3812 Alex.

260 3853 321 3908 sort
340 3854 386 3905 aut
404 3851 464 3906 virt.
495 3866 531 3904 or.
550 3851 584 3917 11,
612 3851 702 3921 34135
730 3850 780 3903 Dio
798 3850 832 3902 de
850 3851 910 3907 fort.
930 3865 967 3904 or.
986 3852 1084 3918 LXIV,
1111 3849 1162 3903 vol.
1181 3850 1210 3904 H
1228 3865 1252 3916 p.
1272 3847 1332 3918 212,
1349 3846 1424 3899 Dind.

261 3941 353 3996 Zonar.
371 3939 419 4008 IV,
440 3939 481 3996 10.
500 3939 534 3993 cl.
553 3939 632 3992 etiam
650 3937 786 4007 Senecam,
806 3937 881 4006 epist.
900 3939 934 3992 ad
945 3938 1076 3993 Lucilium
1094 3937 1138 3992 lib.
1157 3938 1198 3992 VI
1211 3937 1287 4004 epist.
1301 3935 1358 4003 VII,
1370 3934 1424 4003 (59)

261 4027 313 4083 vol.
331 4028 380 4094 III,
400 4045 425 4094 p.
446 4028 497 4082 129
516 4028 558 4080 ed.
576 4027 672 4081 Haase.
691 4029 718 4080 et
737 4027 809 4084 Curt.
829 4027 903 4094 VIII,
918 4027 953 4094 X,
972 4027 1015 4081 37.

351 4115 371 4183 θ)
390 4115 469 4182 Apud
487 4115 655 4168 Athenaeum
673 4115 720 4182 VI,
739 4115 862 4182 tantus.

353 4202 495 4270 bSuasor.
514 4203 536 4261 Ι,
555 4204 580 4255 5.
