3016 4612
642 124 683 191 41

88 325 133 386 est
152 317 324 387 falsarium
339 321 399 386 teli
415 321 558 403 epistula
579 321 802 388 Alexandrum
826 321 867 386 de
890 320 1087 388 crudelitate
1104 339 1247 404 purgare

20 471 22 481 ,
89 424 221 492 animum
244 425 422 494 induxisse.

166 531 260 598 Alias
299 532 482 600 Alexandri
512 533 671 615 epistulas
696 531 794 600 affert
816 534 1015 600 Plutarchus
1038 531 1248 600 incredibiles

89 638 290 706 narrationes
312 638 486 706 refellendi
509 657 612 707 causa
633 639 692 709 vit.
716 640 811 706 Alex.
836 640 902 706 XX

237 741 310 806 ὥστε
332 752 485 823 τρωθῆναι
506 743 581 824 ξίφει
603 743 654 807 τὸν
675 745 773 824 μηρόν,
797 749 834 816 ὡς
852 746 904 823 μὲν
919 743 1024 825 Χάρης
1032 744 1056 829 ¹)
1072 747 1168 827 φησίτ,
1193 742 1250 806 ὑσὶ·

236 853 365 930 Δαρείου
387 848 559 935 (συμπεσεῖν
582 848 637 931 γὰρ
660 848 766 921 αὐτοὺς
795 854 835 921 είς
856 849 982 936 χεῖρας),
1008 849 1196 931 Ἀλέξανδρος
1217 852 1248 913 δὲ

237 959 304 1036 περὶ
327 966 378 1035 τῆς
399 954 492 1038 μάχης
521 959 695 1019 lusorium
725 969 785 1028 τοῖς
814 959 880 1036 περὶ
909 953 959 1017 τόν
981 956 1166 1034 Ἀντίπατρον
1195 960 1249 1019 οὐκ

239 1060 361 1144 εἴρηκεν,
392 1059 470 1134 ὅστις
493 1058 565 1140 ἧτὸ
596 1063 718 1145 τρώσας,
746 1059 790 1124 ὅτι
812 1063 844 1123 σε
872 1066 1000 1141 τρωθείη
1021 1060 1072 1124 τὸτ
1092 1061 1183 1144 μηρὸν
1206 1067 1249 1142 ίη-

238 1171 380 1248 χειριδίφ,
415 1170 550 1249 δυσχερὲς
580 1169 609 1230 δ’
640 1168 722 1231 οὐδὲν
753 1166 812 1230 ἀπὸ
841 1179 892 1230 τοῦ
926 1168 1091 1248 τραύματος
1122 1169 1249 1250 συμβαίη

237 1279 373 1356 ηίηριιφε.

85 1378 168 1446 Haec
193 1379 370 1464 epistulae)
392 1380 515 1463 legitur
537 1379 639 1446 etiam
668 1383 699 1445 in
729 1378 813 1445 libro
837 1381 889 1446 Do
911 1379 1095 1447 Alexandri
1117 1379 1250 1448 fortuna

86 1495 137 1549 aut
160 1485 288 1555 virtute
312 1506 357 1552 or.
382 1488 424 1569 Π,
449 1485 529 1551 3410

238 1596 269 1653 ίτ
295 1591 386 1666 Ἰσσῷ
409 1590 484 1671 ξίφει
513 1589 562 1654 τὸν
585 1589 689 1678 μηρόν,
720 1593 757 1664 ὡς
780 1589 884 1672 Χάρης
915 1596 1011 1671 φησίν,
1042 1590 1099 1654 ὑπὸ
1122 1595 1250 1674 Δαρείου

239 1709 292 1759 τοῦ
312 1695 454 1778 βασιλέως
477 1703 518 1771 εἰς
539 1711 636 1780 χεῖρας
664 1700 742 1775 αὐτῷ
768 1697 994 1780 συνδραμόντος·
1017 1696 1103 1768 αὐτὸς
1125 1699 1153 1760 δ’
1173 1696 1250 1760 Ἀλέ-

238 1804 361 1885 Sardoos
394 1807 491 1876 ἁπλῶς
522 1804 641 1887 γράφετε
679 1809 728 1866 καὶ
761 1803 835 1882 μετὰ
869 1802 965 1884 πάσης
1001 1804 1144 1882 ἀληθείας
1177 1803 1250 1884 πρὸς

233 1911 423 1992 Ἀντίπατρον
447 1914 570 1993 ησστίβη
584 1915 617 1972 ol
630 1911 700 1988 μοίι
718 1915 792 1990 φησί
813 1914 882 1994 „not
906 1910 982 1989 αὐτῷ
1001 1914 1157 1992 ἐγχειριδίῳ
1179 1912 1248 1987 τλη-

239 2026 320 2098 ηηιαι
343 2015 392 2078 τὸν
414 2013 513 2099 μηρόν·
561 2017 623 2079 ἀλλ’
649 2018 733 2079 οὐδὲν
756 2015 867 2078 ἄτοποι
890 2012 955 2078 οὔτε
978 2027 1157 2098 παραχρῆμα
1180 2015 1247 2077 οὐθ’

238 2119 360 2199 ὕστερον
382 2128 414 2183 ἐκ
436 2134 486 2202 τῆς
508 2125 614 2204 πληγῆς
637 2119 831 2200 dammam.

87 2223 250 2294 Falsarius
281 2233 372 2294 certe
403 2247 508 2310 neque
538 2231 635 2300 ἅπλῶς
657 2235 786 2295 tantam
820 2247 887 2296 rem
919 2227 1154 2311 enarravisset,
1190 2230 1249 2296 sed

88 2334 213 2400 tumidis
243 2333 354 2402 verbis
389 2340 638 2418 exaggerasset,
670 2352 776 2416 neque
811 2334 1015 2417 praeclaram
1045 2334 1250 2400 occasionem

21 2487 22 2492 ,
87 2438 266 2507 Alexandri
296 2458 366 2506 cum
399 2441 507 2508 Dareo
532 2440 721 2508 certaminis
742 2440 933 2507 illustrandi
962 2439 1248 2524 praetermisisset,

21 2493 23 2632 ί
88 2545 275 2623 praesertim
299 2564 372 2612 cum
387 2547 543 2613 traditum
561 2547 647 2613 esset
662 2547 890 2612 Alexandrum
913 2564 985 2611 cum
1001 2546 1110 2610 Dareo
1133 2562 1249 2610 manns

21 2665 24 2706 ι
90 2652 297 2718 conseruisse.
342 2652 458 2718 Altera
482 2658 591 2718 autem
615 2652 773 2718 memoria
795 2651 1025 2733 consentiebat,
1049 2656 1086 2716 ut
1108 2649 1249 2731 videtur,

90 2773 153 2822 cum
165 2757 323 2839 epistula:
336 2761 513 2841 scriptores
529 2758 613 2824 enim
629 2758 822 2842 posterioris
837 2757 958 2823 aetatis
973 2757 1111 2824 tradunt
1122 2754 1249 2835 quidem

22 2937 23 2942 η
90 2861 307 2929 Alexandrum
338 2864 454 2930 vulnus
485 2864 658 2946 accepisse,
690 2864 750 2930 sed
773 2884 793 2929 a
815 2864 924 2929 Dareo
947 2863 1154 2930 vulneratum
1178 2877 1250 2926 esse

91 2985 148 3032 uon
177 2969 303 3036 dicunt:
338 2968 430 3037 velut
453 2969 617 3035 Diodorus
645 2969 760 3050 XVII,
794 2966 880 3051 34,5,
905 2967 1066 3034 Arrianus
1089 2966 1135 3049 H,
1161 2963 1251 3048 12‚1;

91 3071 211 3141 Curtius
242 3075 306 3160 Ill,
338 3075 400 3160 XI,
429 3076 490 3155 273
524 3074 672 3142 Iustinus
696 3075 751 3158 XI,
776 3070 840 3160 9,9,
865 3074 919 3155 qni
943 3080 1116 3154 utrumque
1139 3090 1251 3155 regem

91 3181 289 3247 vulneratum
313 3200 386 3248 esse
403 3181 492 3265 dicit,
516 3182 662 3249 Zonaras
679 3181 737 3262 lv,
754 3177 785 3246 9.
818 3180 911 3263 Quod
927 3186 1037 3246 autem
1052 3178 1252 3246 Plutarchus

95 3291 145 3351 aut
176 3287 367 3354 Menander
403 3289 572 3369 ἐγχειριδίῳ,
607 3289 768 3353 Arrianus
802 3285 887 3369 ξίφει,
927 3285 1058 3352 Curtius
1097 3302 1251 3351 mucrone

91 3389 309 3459 Alexandrum
333 3395 540 3462 vulneratum
566 3411 638 3460 esse
662 3392 828 3476 dixerunt,
852 3391 973 3459 nullius
1000 3392 1155 3458 momenti
1185 3390 1251 3456 dis-

92 3499 256 3580 crepantia
268 3505 321 3566 est
334 3498 460 3566 attalia
475 3518 539 3567 non
555 3498 700 3565 aurificis
715 3506 853 3581 statera,
871 3500 929 3564 sed
945 3496 1094 3580 populari
1110 3497 1251 3578 quadam

92 3639 294 3652 -———-=—=

174 3711 195 3778 ¹)
217 3711 258 3764 De
278 3709 398 3766 Charetis
415 3727 503 3766 errore
519 3712 553 3766 ol.
570 3709 649 3765 θεῖοι
669 3709 746 3764 Alex.
766 3709 803 3764 Μ.
821 3709 883 3766 hist.
901 3709 990 3777 script.
1010 3725 1036 3777 p.
1053 3710 1115 3765 292.

175 3799 363 3869 ¹)Epistulam
389 3799 522 3855 subditam
548 3815 607 3854 esse
633 3802 708 3868 putat
726 3797 864 3853 Kaerstius
893 3796 988 3852 Philol.
1018 3796 1054 3850 Id
1080 3812 1105 3864 p.
1131 3796 1183 3849 611
1211 3809 1252 3864 sq.

94 3881 138 3938 Sed
149 3888 266 3942 conferas
283 3905 351 3958 quae
365 3890 398 3942 de
411 3889 561 3957 huiusmodi
567 3887 675 3957 judiciis
687 3903 768 3956 supra
776 3904 803 3956 p.
817 3887 851 3941 2⁶
863 3902 903 3955 sq.
916 3889 943 3940 et
961 3887 1021 3939 adn.
1036 3887 1050 3938 1
1064 3884 1127 3938 dixi.
1163 3883 1253 3938 Verba

93 3972 213 4046 attempt
240 3976 287 4030 τὸν
303 3974 479 4047 Ἀντίπατρον,
498 3993 566 4045 quae
593 3976 732 4031 Kaerstius
757 3975 820 4032 ibid.
849 3991 892 4045 ,an
921 3974 1074 4043 Antipatroa
1099 3974 1154 4027 und
1178 3972 1253 4026 seina

93 4057 247 4133 Umgebnng'
283 4066 471 4135 interpretatus
508 4068 562 4132 eat,
606 4065 734 4121 vameuda
761 4067 824 4118 sunt
854 4064 896 4133 ,ad
930 4062 1119 4132 Antipatrum’,
1156 4063 1186 4114 ut
1216 4060 1253 4114 ait

94 4145 241 4208 Plutarchus
262 4154 345 4210 altsro
364 4153 422 4208 loeo
438 4152 503 4225 πρὸς
518 4152 695 4223 Ἀντίπατρον.
