3016 4612
656 129 695 192 11

87 322 156 389 Sed
180 342 225 388 ex
245 321 296 401 ite,
326 341 408 403 quae
434 320 553 388 Suidas
578 323 666 404 dicit,
691 321 836 388 nihil·de
861 322 1123 404 ephemeridibus
1148 323 1266 407 conjici

89 435 210 510 potest.
257 429 309 494 Ex
332 427 477 508 reliquiis
506 439 615 494 autem
639 428 883 510 ephemeridum
907 447 926 492 a
950 429 1131 495 Plutarcho
1141 427 1173 512 ¹),
1207 432 1266 494 Ar-

86 533 235 620 rienes),
274 534 489 618 Athenaeob,
530 535 668 600 Aeliano
677 535 703 620 4)
742 533 898 617 servatis,
938 534 972 599 in
996 535 1111 616 quibus
1135 533 1267 617 private

92 640 281 705 Alexandri
304 639 374 708 vita
398 638 528 720 depicta
552 645 612 720 est,
644 639 839 721 perspicitur
863 641 1004 725 quidem,
1035 640 1070 706 id
1094 642 1180 721 quod
1203 640 1267 708 viri

86 746 176 812 docti
201 745 372 826 viderunt,
397 745 431 811 in
458 744 499 811 iis
529 747 570 810 de
598 745 729 827 privato
760 745 829 828 ejus
853 745 924 814 vita
948 749 1130 828 expositum
1153 746 1264 818 fuisse.

85 853 238 918 sednon
262 851 374 917 dubito
399 853 477 932 quin
502 851 601 916 etiam
625 869 678 917 res
702 851 772 933 ejus
797 857 912 932 gestae
944 853 977 917 in
1006 853 1265 935 ephemeridibus

89 959 279 1040 descriptae
303 956 435 1032 fuerint,
458 956 494 1021 id
517 959 602 1037 quod
626 957 743 1040 conjici
767 963 876 1039 potest
900 977 940 1022 ex
963 959 1084 1040 Pyrrhi
1107 978 1266 1026 commen-

87 1063 197 1142 tariis,
237 1063 292 1144 qui
321 1069 410 1128 certe
434 1063 678 1144 ephemeridem
700 1064 773 1128 loco
798 1071 894 1130 erant
917 1075 950 1129 et
974 1083 1028 1130 res
1052 1075 1165 1146 gestas
1190 1083 1265 1130 con-

87 1169 284 1255 tinebant5).
317 1169 498 1250 Utcumque
523 1174 633 1234 autem
648 1187 700 1235 res
717 1187 752 1235 se
768 1170 876 1252 habet,
900 1190 959 1254 pro
976 1177 1065 1236 certo
1082 1172 1266 1238 habendum

88 1284 138 1340 est
161 1274 283 1357 omnia,
309 1295 394 1356 quae
417 1294 477 1340 rex
501 1274 619 1341 cotidie
628 1274 655 1361 6)
679 1277 808 1355 agebat,
834 1283 987 1344 accurate
1003 1277 1038 1342 tn
1053 1277 1094 1343 iis
1116 1277 1265 1358 exposita

88 1389 121 1446 et
137 1381 270 1464 digesta
288 1381 483 1464 saepiusque
496 1383 610 1447 eodem
623 1380 765 1463 repetita
778 1399 860 1464 esse,
884 1383 918 1448 id
936 1383 1020 1462 quod
1032 1384 1230 1450 Plutarchus
1240 1385 1264 1466 7)

89 1493 252 1554 testatur:
288 1489 453 1550 ἀπεδείκνυε
484 1490 508 1549 d'
544 1485 648 1558 αὐτοὺς
678 1491 878 1566 φλυαροῦντας
903 1492 1019 1560 Φιλῖνος
1046 1496 1077 1550 ἐκ
1106 1501 1161 1552 τῶν
1182 1493 1264 1570 βασι·

87 1595 169 1656 λικᾶιν
194 1597 385 1676 ἐφημερίδων,
420 1599 449 1654 ἐν
477 1590 523 1664 αἶς
554 1600 746 1675 συνεχέστατα
778 1587 1008 1675 γίγραντταικαλ
1032 1595 1198 1666 πλειστάκις
1221 1594 1265 1657 ὅτι

89 1701 145 1765 κτλ,
195 1701 288 1782 Quae
312 1719 382 1766 eum
406 1699 454 1765 ite
477 1699 543 1764 sint
567 1699 666 1766 facile
688 1701 844 1778 adducor,
870 1709 907 1765 ut
931 1699 1031 1766 etiam
1052 1701 1264 1782 epistularum

87 1805 120 1868 in
145 1806 188 1872 iis
214 1805 412 1872 mentionem
436 1805 556 1871 factam
582 1824 653 1871 esse
678 1807 819 1885 credam,
844 1825 881 1872 eo
903 1805 1007 1890 magis
1024 1809 1110 1887 quod
1126 1810 1265 1889 scriptor

89 1929 201 1977 earum
227 1912 388 1979 Eumenes
398 1912 441 1998 ⁸),
474 1931 547 1977 eum
576 1912 663 1994 regis
687 1917 877 1992 γραμματέως
901 1931 1032 1978 munere
1056 1913 1261 1996 fungeretur,

90 2122 180 2178 Suides
200 2125 288 2194 tradit,
307 2123 456 2192 suspicatur
472 2125 612 2177 contusum
624 2139 683 2177 esse
697 2123 808 2176 fortasse
822 2140 838 2177 a
851 2123 932 2178 Suide
944 2124 1053 2178 Strattin
1068 2141 1130 2179 cum
1142 2125 1261 2194 Ephippo

90 2211 239 2282 librumque
258 2213 389 2268 Strattidis
409 2215 534 2281 excerpta
551 2214 584 2266 de
603 2211 815 2282 ephemeridibus
834 2213 1002 2266 continuisse.

178 2303 202 2371 1)
224 2301 332 2366 Quaest.
351 2301 453 2354 convir.
472 2302 494 2368 Ι,
513 2303 594 2358 62313.
614 2303 641 2354 et
658 2301 704 2355 vit.
726 2300 801 2355 Alex.
821 2300 929 2370 XXIII,
948 2301 1075 2358 LXXVI.

178 2391 202 2458 ²)
223 2392 282 2443 Aru.
301 2389 362 2458 VH,
382 2390 416 2446 25
436 2392 463 2443 et
482 2390 524 2444 26.

178 2479 199 2544 ³)
220 2479 317 2535 Athen.
336 2479 371 2546 X,
391 2479 433 2548 44,
452 2479 530 2532 esth.

178 2568 201 2637 ⁴)
221 2566 325 2624 Aelian.
345 2568 377 2620 V.
397 2567 432 2623 H.
451 2567 502 2637 III,
522 2567 564 2635 23,
584 2583 671 2635 quem,
691 2567 741 2622 etsi
759 2568 858 2622 iontem
876 2584 929 2620 non
941 2569 1066 2635 nominat,
1085 2570 1182 2628 temen,
1202 2583 1262 2621 cum

94 2671 157 2722 quae
177 2657 289 2725 exponit
307 2657 399 2710 eedem
418 2657 473 2710 lere
493 2655 545 2709 sint
564 2659 643 2724 atque
661 2655 713 2724 ille,
733 2672 800 2724 quae
824 2657 893 2724 apud
921 2656 1089 2710 Plutarchum
1113 2659 1159 2712 vit.
1185 2655 1262 2710 Alex.

95 2743 211 2798 LXXVI
230 2747 257 2798 et
268 2744 409 2798 Arrianum
421 2745 485 2813 VH,
504 2747 538 2798 25
552 2743 684 2812 leguntur,
703 2747 776 2812 patet
789 2761 823 2798 ex
836 2745 1047 2813 ephemeridibus
1062 2744 1261 2813 deprompsisse.

180 2833 201 2902 ⁵)
221 2831 291 2886 Plut.
310 2834 349 2886 vlt
367 2831 429 2900 Pyr.
448 2832 526 2893 XXI,
544 2832 574 2888 8:
597 2831 649 2884 τῶν
668 2829 696 2884 δὲ
714 2838 773 2902 περὶ
791 2834 898 2903 Πύρρον
917 2830 944 2884 ἐν
961 2833 1020 2888 τοῖς
1038 2831 1183 2901 βασιλικοῖς
1198 2834 1262 2884 uitro-

25 2957 28 2964 .
95 2921 227 2989 μνήμασιν
246 2920 423 2987 ἀνενεχθῆναι
447 2919 600 2990 τρισχιλίους
623 2922 806 2976 πεντακοσίους
829 2925 874 2972 καὶ
898 2923 973 2973 πέντε
997 2913 1163 2985 τεθνηκότας.
1200 2920 1262 2974 Plu-

95 3009 198 3063 tarchus
223 3010 328 3079 saepius
351 3010 413 3063 facit
436 3010 596 3063 montionem
620 3010 867 3063 commentariorum
890 3009 979 3064 Sullae
1004 3011 1031 3062 in
1058 3010 1112 3062 vite
1129 3009 1194 3062 Sull.
1214 3010 1261 3078 VI,

96 3097 118 3161 5,
137 3114 174 3167 sq.
194 3099 271 3166 XIV,
292 3099 321 3166 ‘d;
340 3099 418 3166 XIX,
437 3101 469 3169 43
488 3098 595 3166 XXIII,
615 3099 645 3168 33
663 3097 809 3166 XXXVII,
830 3102 853 3154 1.

182 3187 205 3254 ⁸)
226 3186 291 3242 Gell.
316 3186 349 3241 N.
373 3190 405 3240 A.
430 3187 463 3256 V,
485 3187 591 3254 XVIII,
616 3187 640 3240 7.
683 3189 744 3237 Cum
766 3205 824 3238 vcro
846 3205 895 3238 non
913 3198 962 3254 per
980 3205 1066 3252 annos,
1093 3190 1137 3237 sed
1147 3196 1195 3252 per
1214 3189 1263 3238 dies

95 3278 203 3342 singulos
220 3294 259 3327 res
274 3286 357 3342 gestae
375 3279 529 3343 scribuntur,
548 3294 576 3327 ea
594 3277 699 3326 herma
723 3278 815 3326 Graeco
833 3278 947 3326 vocabulo
966 3272 1089 3346 ἐφημερὶς
1106 3279 1207 3328 da'citur.

183 3364 204 3431 ⁷)
224 3363 294 3417 Plut.
315 3363 423 3428 Quaest.
443 3380 517 3418 oonv.
536 3364 558 3431 I,
577 3362 658 3421 62311.

181 3451 203 3518 8)
223 3452 264 3506 De
288 3452 408 3506 Eumene
435 3453 504 3520 regis
531 3452 618 3505 scriba
642 3451 687 3506 voi
713 3452 840 3520 magistro
866 3452 1039 3522 epistularum
1062 3453 1095 3509 cl.
1121 3451 1192 3508 Plut.
1216 3453 1260 3504 vit.

98 3535 167 3594 Ilum.
187 3539 214 3606 13
234 3540 263 3595 C.
281 3540 412 3609 Nepotem
430 3540 470 3592 vit
487 3540 564 3594 Ilum.
583 3540 610 3610 I;
628 3540 669 3594 De
688 3542 760 3611 petre
780 3540 837 3608 ejus
856 3541 889 3594 oi.
909 3539 1010 3594 Aeliam.
1029 3541 1062 3596 V.
1081 3540 1115 3597 H.
1135 3540 1199 3608 XII,
1218 3541 1261 3594 43.

98 3625 167 3682 ahter
185 3629 234 3682 Dio
258 3627 462 3696 chrysostomus
486 3629 518 3682 de
546 3628 663 3682 tortor.
691 3629 788 3694 LXIV,
818 3628 905 3686 599h,
941 3628 1075 3698 Epistulas
1103 3628 1160 3696 ejus
1188 3629 1263 3684 novit

99 3712 250 3770 Plutarchus
268 3717 315 3770 vit.
334 3718 410 3771 llum.
429 3717 479 3778 XI,
499 3719 523 3772 2.
562 3716 633 3782 Quas
652 3733 705 3770 non
723 3717 809 3785 ipsum
828 3717 1001 3774 Plutarchum
1025 3717 1186 3788 inspexisse,
1215 3718 1263 3770 sed

99 3818 160 3869 quae
179 3807 211 3860 de
230 3804 263 3858 iis
282 3805 416 3860 tradiderit
434 3821 468 3859 ex
486 3805 649 3872 Hieronymo
674 3806 819 3874 sumpsisse
842 3808 917 3874 putet
941 3806 1042 3874 ReusS,
1070 3805 1261 3873 (Hieronymus

100 3905 143 3945 von
162 3893 267 3949 Kardia.
304 3894 396 3948 Berlin
415 3895 484 3950 1876
503 3911 528 3962 p.
550 3893 618 3960 131)Ι
629 3909 788 3962 quamquam
807 3895 863 3962 ipse
884 3894 993 3960 (ibidem
1007 3911 1031 3962 p.
1047 3895 1108 3962 112)
1122 3895 1262 3948 confitetur

100 3979 218 4046 epistulas
238 3981 295 4049 ojus
313 3983 347 4034 ad
358 3982 530 4049 Antipatrum
549 3982 622 4035 detes
637 3981 744 4034 Luciani
764 3981 926 4050 temporibus
944 3983 1020 4034 notas
1038 3980 1128 4042 fulsso,
1147 3982 1175 4035 id
1193 3983 1261 4050 quod

100 4068 278 4123 animadvertit
295 4069 425 4124 Schubert
443 4068 609 4138 (Fleckeisen
636 4069 726 4122 Jahrb.
746 4068 851 4138 Supplb.
881 4069 930 4137 IX,
951 4069 1126 4126 ists—1878
1145 4087 1169 4139 p.
1189 4071 1261 4138 668),

100 4156 138 4220 qui
164 4157 214 4211 hoc
241 4156 377 4210 Plutarchi
404 4158 533 4226 judicium
562 4157 747 4223 Agatharchidi
776 4158 865 4211 deberi
893 4157 992 4212 statutt.
1042 4157 1094 4212 Sed
1125 4159 1262 4213 Kserstius
