3008 4614
18 319 22 414 ,ι

634 125 677 192 93

551 211 766 228 -q--n--u—-d

87 325 235 410 supplicio
259 323 379 408 affecit,
404 324 578 408 adduces,
609 320 664 403 qui
686 320 719 387 in
743 317 854 388 Media
877 321 978 396 erant,
1004 313 1095 382 dedit
1118 312 1237 398 episin-

19 426 20 430 ’
87 435 152 513 Ιοω,
177 431 266 515 cujus
282 435 509 514 argumentum
526 448 591 495 non
607 433 660 496 ert
673 424 847 493 memoriae
862 423 1037 510 proditum,
1062 422 1120 488 sed
1140 418 1238 485 faoile

17 509 20 584 ι

17 675 21 846 l

87 540 289 623 perspicitur,
314 555 369 603 ea
401 535 474 602 illos
506 535 613 618 jussos
656 552 726 600 esse
763 528 1011 599 Parmenionem
1045 527 1237 596 interficere.

87 647 181 732 Hujus
212 645 372 728 epistulae
393 644 617 710 Ptolemaeum
647 639 843 708 mentionem
867 636 985 705 fecisse
1014 641 1156 704 testatur
1179 633 1239 698 Ar·

87 756 190 821 rianus
213 751 276 832 ΙΙΙ,
299 747 376 824 262
399 769 468 832 sqq.

236 859 418 936 Πτολεμαῖος
449 857 481 918 δὲ
511 856 526 918 ὁ
549 853 651 935 Λάγον
681 853 753 936 λέγει
777 903 784 919 .
809 906 816 921 ,
843 905 850 919 .
877 905 882 918 .
914 855 960 913 ἐπὶ
982 857 1177 934 Παρμενίωνα
1210 856 1241 916 di

238 965 374 1042 σταλῆναι
397 958 623 1041 Πολυδάμαντα,
648 959 697 1023 ἕνα
712 970 767 1022 τῶν
782 963 912 1044 ἐναίρων,
937 959 1091 1041 γράμματα
1116 959 1241 1042 φέροντα

237 1069 306 1150 παρ’
336 1066 526 1151 Ἀλεξάνδρον
559 1065 632 1150 πρὸς
665 1065 730 1138 eoric
763 1064 937 1148 σνρατηγοδς
968 1064 1034 1138 τοὺς
1069 1073 1098 1129 ἐν
1132 1071 1242 1147 Μηδία,

238 1174 409 1259 Κλέανδρόν
437 1199 469 1238 νε
501 1179 548 1236 καὶ
571 1172 715 1254 Σιτάλκην
745 1176 793 1235 καὶ
824 1177 970 1236 Μενίδαν·
1002 1170 1080 1237 οὗτοι
1110 1172 1165 1256 yoip
1196 1178 1243 1236 ἐπὶ

238 1386 345 1452 τούτων
368 1389 532 1452 ἀποθανεῖν
554 1389 759 1467 Παρμενίωνα.

87 1499 132 1566 Da
154 1516 190 1564 re
213 1495 363 1562 conferas
378 1495 513 1561 Diodor.
531 1494 641 1574 XVII,
666 1491 741 1575 80‚3
766 1498 800 1560 et
821 1494 908 1561 Plnt.
931 1496 990 1564 vit.
1007 1495 1100 1562 Alex.
1117 1496 1243 1580 XLIX,

88 1604 138 1686 qui
160 1603 321 1688 epistulae
342 1604 537 1670 mentionem
561 1619 626 1668 non
649 1600 805 1668 fecerunt.
852 1601 992 1667 Arriano
1009 1601 1167 1684 copiosius
1191 1621 1245 1670 ex-

87 1710 189 1794 posuit
213 1712 254 1777 de
276 1709 338 1776 hao
361 1726 397 1773 re
422 1707 552 1774 Curtius
578 1705 652 1786 ΙΙΙ,
676 1705 720 1798 ΙΙ,
745 1703 775 1773 Ι.
800 1705 856 1787 qni
884 1725 948 1772 non
971 1708 1072 1774 solum
1095 1709 1180 1774 hano
1203 1709 1244 1774 ab

87 1817 226 1886 Arriano
249 1821 462 1882 memoratam
496 1814 681 1898 epistulam,
714 1813 772 1879 sed
803 1813 900 1879 etiam
932 1816 974 1880 ad
995 1815 1245 1881 Parmenionem

87 1931 162 1991 tuno
175 1923 402 1990 Alexandrum
427 1920 554 1988 dedisse
578 1921 735 2003 epistulas
758 1919 870 2006 tradit,
895 1921 1035 1988 alteram
1056 1920 1245 2004 Alexandri,

88 2032 220 2097 alteram
237 2028 390 2096 Philotae
406 2029 535 2094 nomine
551 2025 718 2120 scriptam,
741 2028 827 2109 quod
843 2047 900 2094 our
915 2027 1104 2094 Alexander
1118 2027 1245 2112 feeerit,

87 2135 279 2220 intelligitur
311 2153 352 2200 ex
375 2134 503 2220 Curtio,
535 2133 588 2216 qui
621 2151 692 2200 eum
724 2152 794 2201 oum
818 2135 1060 2218 Polydamante
1091 2135 1173 2202 haee
1201 2136 1247 2200 lo·

91 2247 238 2324 quentem
262 2241 354 2312 feeit:
388 2242 454 2308 ‘Ad
478 2242 693 2308 Parmenione
715 2263 833 2326 quoque
855 2243 1008 2324 epistolas
1029 2245 1121 2327 feres,
1150 2263 1249 2309 onom

91 2371 186 2432 ome,
210 2352 345 2417 atteram
370 2349 516 2416 Philotae
543 2351 669 2415 nomiae
691 2351 852 2431 seriptum.
899 2348 1033 2434 Siquam
1061 2351 1152 2416 anati
1182 2351 1249 2434 ejas

90 2459 122 2524 a
143 2479 214 2523 meo
234 2462 385 2539 potestate
407 2462 461 2522 est.
510 2455 548 2523 Si
564 2463 660 2538 pater
683 2458 782 2524 meoet
812 2480 833 2523 a
861 2457 928 2540 pilio
958 2458 1150 2540 inpressam,
1179 2477 1249 2523 eum

91 2570 117 2630 te
144 2567 276 2646 uiderit,
308 2563 389 2630 aiau
417 2563 548 2630 metuet!
593 2562 842 2629 Parmenionem
870 2563 965 2629 leotis
997 2561 1142 2644 epistulis
1167 2563 1250 2628 ‘Rea

92 2673 315 2754 expeditionem
331 2677 432 2753 parat
445 2673 481 2736 io
495 2670 695 2738 Arachosios
712 2669 834 2736 dixisse
857 2669 963 2737 tradit
979 2671 1107 2737 Curtius
1129 2669 1248 2735 ibidem

18 2767 19 2776 ¹
91 2777 175 2862 (ΙΙΙ,
199 2777 243 2860 ΙΙ,
268 2776 311 2864 8),
337 2775 391 2857 qui
415 2777 529 2843 eodem
551 2777 621 2843 loeo
646 2774 695 2862 (9)
719 2775 814 2843 dicit:

247 2883 408 2950 Cleander
431 2921 469 2932 —
497 2921 540 2930 -
565 2921 606 2932 -
630 2883 760 2949 litteras
783 2883 872 2965 regis
900 2882 1041 2966 scriptas
1063 2886 1106 2951 ad
1129 2883 1249 2950 milites

246 2990 375 3073 reoitat,
411 2989 525 3071 quibus
547 2989 687 3057 insidiae
709 2988 936 3056 Parmenionis
959 2990 993 3056 in
1016 3009 1126 3073 regem
1155 3009 1249 3073 prae-

248 3115 375 3182 oesque,
401 3102 437 3164 ut
459 3097 564 3179 ipsum
587 3096 804 3180 vindicarent,
830 3097 1087 3164 eontinebantur.

91 3203 181 3272 Haeo
203 3205 306 3272 tradit
320 3203 449 3273 Curtius
466 3205 506 3270 de
529 3203 678 3288 epistulis
701 3205 744 3270 ad
759 3205 1009 3272 Parmenionem
1025 3207 1116 3272 etad
1131 3206 1250 3272 milites

92 3311 235 3395 seriptis,
268 3329 350 3391 quaa
381 3329 575 3393 quamquam
608 3317 680 3378 tota
706 3310 853 3378 narratio
877 3312 918 3378 de
940 3311 1003 3378 hae
1026 3329 1063 3377 ra
1092 3317 1250 3378 exornata

92 3425 149 3500 est,
175 3424 286 3486 tamen
309 3418 604 3502 praetermittenda
625 3438 690 3486 non
715 3423 799 3486 sunt.

178 3526 365 3592 Alexander
381 3543 453 3592 eum
468 3527 614 3593 Aornum
631 3530 845 3610 oppugnaret,
852 3526 877 3612 1)
898 3525 1069 3610 epistulam
1085 3526 1127 3592 ad
1142 3527 1251 3593 Ptole-

93 3648 215 3698 maeum
239 3631 364 3700 dedisse
387 3633 494 3699 tradit
516 3632 677 3700 Arrianus
700 3634 758 3717 IV,
782 3630 869 3714 29,4.

243 3754 429 3838 Ἀλέξανδρος
451 3759 482 3820 δὲ
505 3769 559 3821 τῶν
589 3762 678 3822 Ἰνδῶν
709 3781 773 3822 τινα
804 3769 858 3822 τῶν
885 3758 1066 3838 αὐτομόλων,
1098 3759 1199 3822 πιστόν
1220 3784 1251 3822 τε

250 3859 339 3935 ἄλλως
361 3867 411 3926 καὶ
433 3874 486 3927 τῶν
508 3869 614 3948 χωρίων
638 3863 769 3947 δαήμονα
799 3865 1010 3946 ἐπιλεξάμενος,
1042 3863 1148 3945 πέμπει
1171 3865 1252 3948 παρα

249 3972 432 4048 Πτολεμαῖον
454 3981 505 4050 τῆς
527 3970 624 4044 vomit
654 3969 810 4055 γράμματα
838 3969 966 4053 φέροντα
996 3969 1045 4035 τὸν
1072 3970 1174 4046 Ἰνδόν,
1206 3971 1251 4036 ἵνα

181 4185 204 4256 ²)
223 4184 263 4242 Of.
282 4185 385 4243 Diodor.
404 4188 493 4258 XVII,
510 4185 556 4255 853
575 4187 634 4242 Arr.
652 4186 700 4259 ΙΙ,
719 4187 754 4244 28
771 4200 829 4261 sqq.
