3016 4612
649 132 692 198 43

167 326 275 408 Quam
288 325 424 394 difficile
436 327 499 394 fuit
509 327 700 394 Alexandra
717 327 861 394 haustra
870 329 1100 411 Pamphyliam
1111 329 1254 413 intelligi

84 437 187 513 petest
220 447 264 498 ex
288 431 459 500 Strabonis
494 433 588 512 XIV,
623 432 732 513 667,9.
789 435 862 500 Νοο
892 434 1007 500 mirum
1042 433 1144 518 igitur
1167 437 1253 518 qued

84 536 243 604 transitus
265 539 442 606 multarum
466 538 651 606 fabularum
676 559 776 608 cansa
813 540 876 607 fuit
888 540 922 626 ¹),
947 559 1029 621 quas
1056 541 1254 610 Plutarchus

82 643 263 710 Alexandri
288 645 434 727 epistula
457 645 584 712 refellit
606 646 663 713 vit.
686 646 782 713 Alex.
807 646 917 712 XVII.

241 765 343 840 Αέπὸς
365 770 396 830 di
415 768 609 851 Ἀλέξανδρος
631 771 661 831 έν
683 781 747 840 ναῖς
770 771 935 840 ἐπιστολαῖς
957 770 1040 832 οὐδέν
1059 779 1189 832 τοιοῦτον
1212 793 1254 834 νε-

242 872 456 954 ραπενσολμενος
479 878 655 954 ὁδοποιῆσαί
680 897 751 955 φησι
780 873 831 955 νέην
860 876 1011 956 λεγομένην
1032 878 1174 954 Κλίμακα
1205 882 1255 939 nal

242 982 371 1042 ductricis
393 979 527 1062 ὁρμήσας
550 983 581 1042 ia
605 982 782 1056 Φασήλιέος.

83 1101 173 1168 Hauc
198 1101 374 1184 epistulam
390 1101 599 1188 Kaerstiustl
616 1103 780 1170 subditam
805 1121 877 1170 asse
894 1103 1019 1186 colligit
1034 1123 1075 1170 ex
1090 1105 1255 1174 brevitate

83 1207 147 1291 eJ'us
179 1216 216 1275 et
246 1228 288 1276 ex
311 1228 349 1275 ee
382 1210 468 1290 quod
491 1211 532 1276 ab
556 1208 744 1276 Alexandri
766 1209 898 1293 iugenio
923 1210 1104 1277 abhorreat
1127 1218 1256 1279 etcum

82 1312 128 1396 iis,
153 1333 243 1395 quaa
266 1315 429 1382 manus
455 1317 495 1382 de
518 1316 582 1381 hac
604 1334 642 1382 ra
659 1315 771 1401 tradit,
789 1316 963 1397 discrepat.
1011 1318 1077 1384 Sed
1093 1336 1133 1384 ex
1149 1318 1256 1386 brevi-

83 1425 149 1486 tate
173 1421 402 1503 epistularum,
427 1441 513 1503 quae
538 1423 625 1505 apud
649 1421 862 1488 Plutarchum
885 1423 1051 1507 leguntur,
1077 1424 1118 1490 da
1143 1441 1256 1488 earum

82 1524 225 1593 veritate
242 1545 307 1593 uon
325 1545 397 1594 asse
408 1528 620 1612 judicandum
636 1546 735 1610 supra
752 1527 869 1614 dixi³);
885 1547 957 1594 cum
972 1529 1013 1595 iis
1029 1537 1148 1609 autem,
1172 1546 1257 1609 quae

83 1631 245 1698 Arrianus
275 1635 394 1717 tradit,
426 1636 680 1717 haudquaquam
710 1634 852 1718 epistula
876 1634 1049 1717 discrepat.
1095 1633 1257 1700 Arrianus

19 1747 20 1754 ’
84 1739 164 1804 enlm
188 1739 217 1820 I,
242 1737 319 1823 263
341 1741 436 1808 dicit:
465 1741 530 1804 τότε
553 1743 614 1803 dtu
636 1737 724 1804 νέταν
748 1742 877 1822 σκληρῶν
907 1744 1007 1822 βορέαι
1033 1740 1257 1811 ἐπιπνεύσαντες

84 1846 133 1906 οὐκ
156 1843 228 1909 ἄνευ
249 1857 302 1908 νοῦ
322 1853 420 1927 θείου,
439 1849 475 1920 ὡς
498 1847 586 1920 adadu
601 1869 631 1910 ra
647 1852 697 1909 καλ
712 1855 741 1909 ei
762 1848 837 1926 ἀμφ’
863 1845 952 1908 αι’πὸν
974 1845 1129 1925 ἐξηγοῦντο,
1146 1846 1258 1926 εὐμαρῆ

84 1955 130 2012 καὶ
152 1963 276 2034 παχεῖαν
298 1949 349 2031 τὴν
372 1953 503 2034 πάροδον
525 1958 683 2036 παρέσχον.
729 1953 954 2020 Alexandrum
971 1958 1080 2018 autem
1102 1969 1165 2018 nec
1187 1964 1258 2018 tam

84 2053 177 2124 facile
202 2076 268 2124 uec
289 2064 356 2124 tam
381 2059 547 2142 celeriter,
572 2069 606 2125 ut
632 2058 680 2126 nit
695 2059 869 2145 Arrianus,
893 2057 1089 2143 transisset)
1113 2063 1259 2124 testatur

19 2221 20 2242 ,
86 2162 204 2230 Strabo
231 2165 338 2249 (XIV,
371 2162 482 2254 667,9)
506 2170 555 2228 καὶ
579 2162 646 2245 ὃλην
667 2164 718 2244 τὴν
741 2169 852 2246 ἡμέραν
876 2164 906 2226 έν
928 2161 1011 2226 ὕδατι
1038 2164 1179 2244 γενέσθαι
1207 2162 1258 2242 τὴν

19 2309 21 2328 ι
86 2275 203 2350 πορείαν
238 2274 345 2353 συνέβη
377 2276 460 2354 μέχρι
490 2271 627 2350 ὀμφαλοῦ
656 2272 880 2352 βαπτιζομένοον.
931 2271 999 2336 Res
1023 2279 1143 2353 autem,
1177 2287 1259 2352 quas

20 2375 21 2380 ’
86 2393 146 2442 non
169 2377 243 2444 siue
266 2377 381 2443 labore
405 2396 445 2442 ac
467 2376 612 2460 periculo
629 2376 805 2444 confidunt
826 2376 983 2458 homiues
1001 2376 1114 2441 dicunt
1130 2375 1259 2455 quidem
1369 2405 1371 2410 ·

88 2482 215 2550 deorum
247 2482 379 2549 numina
411 2483 466 2552 vel
489 2481 698 2565 providentia
723 2489 835 2565 gestas
859 2499 941 2564 asse,
965 2481 1025 2546 sed
1047 2481 1131 2546 haec
1153 2497 1259 2559 neque

88 2589 297 2673 amplificatio
310 2596 362 2654 est
373 2607 480 2669 neque
491 2586 713 2668 τερατεύεσθαι,
732 2588 938 2669 Quamquam
950 2585 1052 2668 igitur
1069 2585 1259 2651 Alexander

89 2693 340 2769 petrocorios
365 2695 473 2762 dicere
504 2695 559 2762 vel
587 2693 732 2760 scribere
761 2699 903 2777 poterat,
927 2698 1037 2758 tamen
1059 2689 1260 2758 Plutarchus

88 2808 216 2880 peterat
239 2803 280 2867 de
304 2819 342 2867 eo
367 2803 478 2867 dicere
501 2798 585 2863 οὐδέν
607 2810 737 2861 τοιοῦτον
754 2799 1014 2880 τιρανενσοὲμενοςτ
1044 2797 1259 2877 nequeenim

89 2909 190 2974 verba
213 2905 286 2986 pat
307 2918 359 2970 we
381 2912 476 2980 οιέοο,
500 2908 560 2973 sad
582 2905 640 2971 illa
664 2904 797 2987 refellit,
822 2921 905 2985 quae
928 2923 949 2970 a
972 2921 1078 2970 rerum
1096 2899 1260 2983 scriptori-

89 3011 145 3080 hus
167 3020 204 3080 et
228 3013 333 3097 poetis
356 3013 558 3094 amplificata
581 3017 681 3094 atque
705 3017 908 3094 exaggerata
931 3016 1037 3075 erant
1074 3010 1123 3074 Ac
1145 3025 1188 3074 ne
1218 3009 1258 3074 ab

90 3117 267 3187 Alexandri
277 3118 549 3203 quidemiugeuiu
566 3119 725 3186 abhorret
740 3116 898 3201 epistula:
934 3133 1009 3180 uam
1026 3113 1054 3180 si
1070 3114 1260 3179 Alexander

92 3226 128 3292 ad
148 3227 310 3294 barbaros
332 3233 391 3292 eut
413 3227 456 3292 ad
478 3224 600 3291 milites
624 3224 822 3307 scripsisset,
846 3227 937 3288 certa
961 3221 1030 3304 ejus
1053 3219 1261 3287 interfuisset

92 3331 165 3400 haec
201 3331 414 3416 amplificare,
448 3339 486 3399 ut
520 3334 681 3399 barbaros
714 3329 998 3412 obstupefaceret,
1031 3333 1089 3393 aut
1120 3326 1259 3394 militum

175 3545 196 3613 ¹)
214 3543 284 3600 Plut.
303 3543 350 3597 vit.
364 3543 441 3599 Alex.
459 3543 548 3598 xvii.

176 3633 199 3702 ²)
217 3633 323 3702 Kaeret,
342 3632 531 3699 Ilorschuugeu
547 3647 572 3698 p.
594 3630 659 3698 1083
678 3629 772 3684 Philol.
790 3630 834 3698 Id,
852 3646 877 3698 p.
896 3629 957 3684 611.

177 3722 241 3790 ¹¹)p.
259 3721 293 3775 26
317 3737 356 3790 sq.
385 3720 424 3775 cf.
454 3719 533 3774 atium
560 3718 630 3773 Plut.
660 3719 706 3774 vit.
726 3717 805 3772 Alex.
828 3720 911 3776 xxm
940 3710 1203 3780 stoliditatemque
1233 3713 1261 3766 et

94 3805 147 3865 ibid.
163 3811 230 3866 xil
248 3809 282 3862 cd
294 3809 348 3877 μέν
368 3806 495 3876 quamv,
512 3806 546 3860 τὰ
562 3804 589 3860 δὲ
610 3805 754 3877 aspersas,
772 3809 801 3859 et
828 3805 890 3860 ibid.
909 3804 1000 3858 XLVI
1024 3795 1130 3854 ἅπαντα
1150 3797 1261 3869 γράφων

94 3897 208 3969 we,
238 3899 309 3952 unde
339 3896 509 3966 perspicuum
535 3899 578 3951 est
601 3897 630 3950 in
655 3895 783 3965 epistulis,
811 3911 847 3950 ex
873 3893 969 3963 quitus
991 3889 1149 3946 Plutarchus
1176 3903 1261 3956 paura

95 3989 216 4053 quaedam
236 3987 376 4056 excerpsit,
398 3986 486 4040 omnia
502 3985 605 4054 copiose
621 3987 648 4038 et
664 3987 786 4039 amurate
799 3983 919 4052 exposita
935 3982 1027 4038 fnisse.

175 4076 199 4146 ⁴)
216 4075 257 4130 Ile
274 4074 323 4128 hoc
341 4075 454 4128 transtu
471 4073 592 4127 conferas
606 4072 685 4127 etiam
701 4072 811 4140 Appiam
825 4069 973 4140 Ἐμφολέυν
992 4069 1026 4137 ll,
1046 4068 1112 4136 1493
1134 4068 1206 4122 (lurt.
1225 4066 1259 4136 V,

95 4159 137 4232 uq
158 4163 201 4221 12.
