3008 4614
655 139 697 206 91

93 354 205 420 perum
241 336 363 424 1101101)
397 336 574 404 nobiliores
610 335 833 419 substituisse,
871 334 1066 418 praesertim
1106 354 1179 403 cum
1216 335 1261 416 ni,

93 441 272 511 Diotimim
302 443 375 511 dico
399 450 432 510 et
455 443 637 527 Charetem,
668 446 709 511 ab
733 444 909 511 Idomeneo
933 441 1121 524 Dorideque
1144 461 1260 510 memo-

94 549 155 617 rati
171 549 250 616 sint.
298 548 356 617 Sin
372 555 483 617 autem
497 549 555 616 illa
577 551 681 618 verba
703 568 767 616 non
791 555 867 615 sunt
890 567 932 615 ex
955 549 1098 631 epistula
1121 559 1260 634 sumpta,

19 719 20 722 ,
94 656 123 722 id
139 656 230 738 quod
253 675 294 723 ex
317 655 474 725 sermonis
498 660 651 723 contextu
666 673 781 738 parum
797 658 888 721 arcto
905 653 1019 736 conjici
1042 661 1158 740 potest,
1182 656 1263 724 illud

19 775 20 778 ’
94 763 230 847 quidem,
256 764 341 844 quod
356 762 476 845 protuli
491 767 728 846 argumentum,
753 760 849 828 futile
864 767 923 828 est.
971 762 1035 829 Sed
1052 781 1092 830 ex
1113 781 1151 830 eo
1176 763 1261 845 quod

94 889 195 952 neque
224 869 386 937 Diodorus
414 887 520 951 nequa
544 867 741 936 Plutarchus
773 867 935 952 epistulae
957 868 1152 936 mentionem
1175 869 1261 938 fece·

95 983 178 1060 runt,
204 976 356 1059 allicitur,
382 983 417 1043 ut
440 978 482 1043 de
505 975 650 1043 veritate
673 974 743 1058 ejus
767 973 961 1062 dubitem²);
984 975 1150 1044 Diodorus
1174 976 1259 1046 enim

94 1084 183 1168 eujus
207 1085 311 1152 verba
333 1090 426 1152 sunt:
466 1088 506 1155 εἰς
527 1081 580 1154 τὰς
598 1079 728 1162 Ἀθήνας
751 1081 937 1156 ἐξαπέστειλε
969 1080 1035 1155 τούς
1059 1081 1261 1162 ἐξαιτήσοντας

91 1202 141 1253 τῶν
172 1189 301 1272 ῥητόρων
335 1196 405 1254 δέκα
435 1196 470 1257 et
495 1201 550 1253 τῶν
580 1192 761 1273 πρεσβευτῶν
789 1193 984 1271 εἰσαχθέντων
1017 1195 1058 1261 εἰς
1090 1188 1123 1252 τὸ
1146 1192 1261 1270 πλῆθος

93 1299 184 1376 ὁμὲν
226 1304 316 1376 δῆμος
348 1297 477 1369 ἀκούσας
504 1307 558 1360 τῶν
598 1294 688 1378 λόγων
734 1295 875 1364 dilucide
918 1296 995 1363 didit
1037 1296 1259 1364 Alexandrum

19 1408 20 1440 ³
93 1409 167 1471 tunc
224 1423 288 1471 non
335 1404 518 1488 epistulam,
572 1404 630 1470 sed
681 1404 810 1487 legatos
855 1403 993 1471 misisse.
1062 1403 1258 1472 Plutarchus

94 1518 210 1595 autem,
258 1510 323 1594 qui,
372 1511 400 1576 si
446 1510 622 1594 scriptores
667 1510 755 1577 inter
800 1530 835 1578 se
874 1509 1062 1594 discrepant
1100 1514 1158 1576 aut
1203 1527 1257 1578 res

93 1616 301 1684 incredibiles
317 1618 463 1700 tradunt,
488 1615 751 1699 quotiescumque
774 1615 932 1700 epistulas
960 1616 1117 1684 adhibere
1140 1616 1256 1701 potuit,

94 1725 132 1790 ad
155 1742 212 1790 eas
236 1743 272 1790 se
295 1723 467 1806 convertit,
493 1723 585 1790 velut
606 1721 665 1792 vit.
691 1722 784 1788 Alex.
809 1722 918 1805 XVII,
949 1722 1027 1808 XX,
1052 1724 1184 1791 XXVII
1207 1724 1258 1791 his

94 1849 226 1913 quoque,
250 1848 332 1911 quos
355 1829 463 1913 attuli,
487 1828 567 1895 loeis
592 1827 765 1911 epistulam
788 1827 859 1895 sine
883 1829 981 1895 dubio
1004 1829 1204 1913 protulisset,
1229 1831 1257 1898 si

94 1955 184 2017 quam
208 1935 364 2005 novisset.
1254 1925 1257 1932 ’

179 2062 247 2129 Sed
269 2063 425 2145 leguntur
448 2062 536 2144 apud
557 2059 734 2129 Arrianum
758 2059 844 2127 aliae
868 2061 1041 2146 epistulae,
1072 2079 1156 2142 quae
1180 2062 1256 2144 quin

95 2187 190 2236 verae
215 2167 291 2249 sint,
324 2166 457 2236 dubium
480 2187 545 2235 non
568 2172 633 2234 est:
663 2167 871 2235 eontinentur
895 2167 980 2234 enim
1008 2167 1050 2235 iis
1073 2169 1257 2236 Alexandri

95 2277 247 2341 mandata
277 2276 441 2342 adduces
473 2274 597 2358 scripta
629 2275 669 2341 de
702 2275 800 2341 rebus
825 2273 1100 2359 administrandis,
1132 2275 1165 2343 in
1189 2275 1256 2358 qui-

94 2381 151 2448 bus
166 2381 396 2463 conquirendis
419 2379 549 2447 falsarii
564 2379 635 2447 sine
657 2380 753 2447 dubio
768 2381 914 2448 laborem
929 2400 995 2448 non
1012 2384 1255 2450 consumebant.

95 2488 272 2554 Praeterea
295 2507 360 2555 non
384 2489 486 2554 solum
516 2489 601 2554 unde
626 2489 722 2554 datae
746 2494 781 2555 et
804 2507 825 2554 a
854 2507 915 2568 quo
939 2487 1111 2555 tabellario
1134 2489 1255 2557 allatae

95 2593 156 2660 sint
190 2595 351 2678 epistulae
381 2593 534 2674 traditur,
571 2596 630 2661 sed
664 2593 763 2661 etiam
797 2593 871 2661 illos
907 2595 1004 2661 duces
1039 2593 1174 2676 imperia
1203 2595 1254 2662 his

96 2700 241 2781 epistulis
264 2702 392 2784 perlata
422 2700 599 2784 perfecisse
623 2702 785 2780 docemur,
818 2702 904 2782 quod
927 2703 971 2766 ad
1001 2701 1157 2785 epistulas
1180 2703 1253 2768 suh·

95 2807 177 2873 ditas
201 2819 259 2876 aut
274 2828 316 2875 ex
339 2807 552 2891 epistularum
577 2807 766 2892 corporibus
791 2808 1000 2891 depromptas
1015 2827 1081 2874 non
1104 2809 1252 2890 quadrat.

96 2912 184 2995 Quod
210 2921 248 2982 ut
277 2915 407 2998 penitus
437 2915 654 2999 perspiciatur
689 2933 754 2981 non
785 2915 886 2982 solum
922 2914 1077 2997 epistulas
1108 2916 1251 2997 afferam,

95 3021 150 3085 aad
172 3021 270 3087 etiam
287 3022 373 3088 unde
389 3029 424 3088 et
439 3023 568 3103 quando
593 3023 691 3088 datae
717 3028 750 3088 et
766 3021 817 3089 cui
837 3020 1020 3088 narrationi
1042 3021 1252 3104 interpositae

96 3122 158 3192 sint
194 3145 370 3214 exponem;
411 3128 526 3208 quibus
565 3146 582 3193 e
621 3130 720 3194 rebus
757 3126 882 3198 veritas
921 3145 1031 3195 aarum
1070 3128 1252 3197 luculenter

96 3233 267 3314 apparebit.

176 3357 358 3424 Alexandri
387 3359 431 3424 ad
460 3355 709 3425 Parmenionem
747 3359 858 3424 datam
891 3358 1063 3442 epistulam
1093 3377 1252 3429 memorat

96 3463 250 3532 Arrianus
273 3465 299 3549 I,
325 3461 409 3550 29,3.

97 3641 300 3655 ’ᾕ-

178 3750 197 3817 11
216 3751 369 3818 Kruegerus
387 3749 502 3804 adhunc
515 3751 619 3805 Arriani
632 3751 726 3821 locum,
745 3752 821 3820 cujus
833 3752 983 3821 conjectura
994 3751 1135 3807 Sohaelero
1149 3752 1209 3807 ibid.
1224 3770 1249 3822 p.

99 3835 143 3891 139
160 3839 219 3896 adn,
238 3838 341 3909 probari
352 3838 465 3907 videtum,
485 3839 589 3908 conjicit
602 3840 671 3909 apud
683 3839 854 3894 Plutarchum
868 3856 914 3909 pro
934 3837 1051 3909 Δήμωνα
1071 3841 1115 3895 vel
1136 3837 1250 3910 Δάμωνα

97 3925 255 3982 scribendum
266 3942 324 3983 esse
344 3919 476 3995 Διότιμον.
513 3935 555 3984 De
569 3929 665 3983 ceteris
677 3929 822 3983 oratoribus
836 3929 1005 4000 ducibusque,
1024 3945 1089 4000 ques
1099 3929 1250 3986 Alexander

96 4013 124 4066 ab
140 4016 342 4071 Atheniensibus
360 4017 485 4087 poposcit,
504 4019 538 4075 cf.
556 4018 681 4073 Sohaeler
698 4018 759 4073 ibid.
779 4036 803 4089 p.
824 4019 873 4073 137
893 4036 949 4090 sqq,
968 4019 1027 4075 adn.
1046 4021 1072 4076 2.

14 4191 15 4198 ἵ
177 4123 342 4193 ¹)Pridicus,
361 4123 422 4180 ibid.
440 4142 465 4194 p.
481 4124 515 4180 22
534 4124 671 4195 epistulam
689 4125 716 4183 in
739 4125 809 4182 veris
827 4127 900 4200 penit
923 4129 949 4186 et
973 4126 1005 4184 ab
1023 4127 1173 4186 Aristobulo
1192 4145 1247 4186 me-

14 4247 15 4282 3
95 4212 184 4269 moriae
202 4214 330 4286 proditam
348 4229 407 4270 esse
425 4213 495 4272 dicit.
