3008 4614
628 122 691 192 117

235 339 271 388 se
299 339 338 388 ea
359 319 482 404 Dareo,
513 322 542 388 si
564 321 724 387 secundus
747 317 818 400 sibi,
842 338 907 387 non
929 339 990 402 par
1014 319 1129 388 haberi
1151 319 1244 389 velit.

236 427 389 494 Ceterum
419 445 525 509 neque
558 427 712 493 mundum
739 444 835 508 posse
864 428 989 494 duobus
1016 425 1138 495 solibus
1160 426 1241 511 regi,

236 551 297 600 neo
327 535 439 600 orbem
469 550 595 598 summa
625 531 688 598 duo
718 550 823 614 regna
853 533 944 600 salvo
967 538 1058 600 statu
1080 539 1243 600 terrarum

234 639 368 706 habere.
392 639 535 706 Proinde
551 646 609 705 aut
624 638 821 705 deditionem
839 657 879 705 ea
895 638 947 705 die
962 637 1066 706 autin
1079 647 1243 722 posteram

238 745 340 826 aoiem
369 750 478 828 paret;
506 765 567 812 neo
597 745 792 828 polliceatur
826 745 890 813 sibi
922 746 1030 825 aliam,
1068 764 1163 827 quam
1199 745 1244 813 sit

237 859 402 938 expertus,
427 852 608 923 victoriam.

86 996 169 1063 Haeo
195 995 358 1078 Justinus,
387 996 443 1074 qui
474 993 557 1061 satis
584 994 686 1060 habet
712 995 844 1060 tradere
870 1011 964 1077 reges
994 999 1063 1060 tres
1085 994 1244 1076 epistulas

85 1101 162 1168 iuter
191 1120 227 1168 se
255 1101 397 1184 dedisse,
428 1103 486 1168 sed
515 1120 576 1183 quo
609 1106 755 1182 tempore
786 1118 842 1167 eas
873 1101 1026 1167 dederint
1057 1119 1123 1167 non
1154 1101 1242 1167 dioit.

85 1207 275 1276 Aoouratius
309 1227 377 1275 rem
419 1216 641 1291 exposuerunt
674 1209 852 1290 Diodorus,
887 1205 1065 1292 Arrianus,
1102 1206 1242 1286 Curtius,

86 1333 213 1396 qnorum
249 1331 290 1380 ex
322 1313 434 1382 verbis
469 1321 502 1380 et
530 1315 618 1381 unde
646 1320 679 1382 et
711 1315 841 1395 quando
873 1330 970 1397 reges
998 1313 1059 1380 has
1086 1313 1243 1395 epistulas

85 1421 168 1488 iuter
198 1439 235 1487 se
265 1420 416 1487 dederint
440 1420 643 1504 perspicuum
667 1429 729 1490 est.
776 1421 899 1486 Horum
923 1419 1027 1503 igitur
1050 1420 1244 1503 scriptorum

84 1529 183 1596 uerba
205 1546 293 1595 nuno
316 1545 486 1610 exponam.

166 1635 309 1731 Dareus¹
326 1638 463 1716 accepta
496 1634 590 1700 olade
624 1633 668 1698 ad
696 1633 818 1711 Issum,
843 1639 1014 1714 postquam
1041 1632 1243 1715 Babylonem

83 1743 183 1821 uenit,
227 1741 402 1822 epistulam
445 1740 489 1806 ad
530 1739 755 1806 Alexandrum
800 1738 902 1806 dedit.
962 1737 1093 1805 Diodor.
1132 1737 1242 1822 XVII,

87 1848 157 1932 39‚1
182 1866 251 1930 sqq.

237 1993 362 2068 Δαρεῖος
390 1990 421 2051 di
454 1985 592 2059 διανάσας
622 1992 662 2058 εἰς
690 1989 851 2068 Βαβυλῶνα
881 1990 929 2047 καὶ
958 1983 1107 2057 notissimi
1135 1997 1186 2064 τῆς
1215 1992 1244 2048 έν

233 2097 318 2174 Ἰσσῷ
335 2093 427 2178 μάχης
449 2093 674 2173 διασωζομένους
696 2091 862 2174 άναλαβάν,
895 2093 947 2156 οὐκ
970 2090 1056 2154 ἔπεσε
1078 2102 1119 2170 τῷ
1139 2091 1244 2174 φρονή-

236 2226 314 2283 ματι,
339 2205 443 2280 καίπερ
466 2200 572 2283 μεγάλῃ
593 2197 817 2279 περιπεπτωκὼς
839 2209 985 2280 συμφορᾷ,
1010 2197 1083 2262 άλλά
1106 2196 1180 2282 πρὸς
1193 2196 1243 2261 τάν

232 2309 420 2391 Ἀλέξανδρον
443 2306 570 2390 ἔγραψεν
593 2307 787 2385 ἀνθρωπίνως
810 2311 906 2387 φέρειν
935 2303 986 2386 τὴν
1017 2307 1161 2390 εὐτυχίαν,
1194 2309 1244 2368 καὶ

236 2413 302 2488 τοὺς
330 2412 525 2497 αἰχμαλώτους
558 2411 746 2486 ἀλλάξασθαι
776 2412 925 2495 χρημάτων
955 2415 1071 2493 πλῆθος
1101 2413 1243 2496 λαβόντα·

237 2525 406 2603 προσετίθει
428 2522 459 2583 dl
482 2524 530 2582 καὶ
552 2531 602 2600 τῆς
628 2519 731 2590 Ἀσέας
757 2516 807 2598 τὴν
835 2516 913 2590 ἐντὸς
939 2516 1040 2590 Ἅλυος
1070 2519 1163 2601 χάραν
1195 2525 1244 2582 καὶ

238 2630 333 2701 πόλεις
355 2625 555 2711 συγχωρήσειν,
579 2625 629 2690 ἐάν
651 2629 782 2708 βουληθῇ
803 2631 940 2707 γενέσθαι
956 2629 1053 2705 φάος·
1077 2631 1093 2689 ὁ
1117 2627 1146 2689 d'
1169 2627 1244 2690 Ἀλέ-

236 2735 357 2816 ξανδρος
379 2732 543 2816 συναγαγὼν
565 2731 632 2806 τοὺς
655 2736 767 2813 φίλους,
797 2737 846 2794 καὶ
868 2731 918 2810 τὴν
941 2734 993 2806 μέν
1016 2730 1156 2813 ἀληθινὴν
1180 2736 1242 2796 ἑπι-

237 2839 339 2920 moitis
362 2839 607 2921 ἀποκρυψάμενος
629 2845 727 2919 έτέραν
750 2841 781 2901 dt
803 2839 920 2921 γράψας
947 2843 1092 2918 ῥέπουσαν
1115 2838 1186 2920 πρὸς
1209 2838 1243 2902 τά

237 2955 328 3028 ἑαυτῷ
347 2953 502 3029 συμφέρον,
525 2947 700 3029 προσήνεγκε
729 2959 790 3018 τοῖς
812 2950 972 3026 συνέδροις,
1007 2950 1054 3008 καὶ
1084 2944 1151 3017 τοὺς
1179 2954 1246 3028 πρέ-

237 3059 316 3138 σβεις
337 3054 502 3136 ἀπράκτους
526 3052 718 3128 ἐξαπέστειλε
743 3051 874 3133 άιόπερό
891 3056 1015 3136 Δαρεῖος
1037 3052 1180 3128 ἀπογνοὺς
1193 3053 1245 3134 τὴν

237 3161 285 3224 διά
307 3172 361 3224 τῶν
385 3161 540 3224 ἐπιστολῶν
562 3157 713 3229 σύνθεσιν,
745 3158 934 3242 παρασκευάς
962 3157 1090 3241 μεγάλοις
1120 3160 1242 3223 ἐποιεῖτο

239 3264 313 3350 πρὸς
334 3265 385 3332 τὸν
406 3265 542 3347 πόλεμον.

81 3411 241 3478 Diodorus
276 3413 447 3493 postquam
481 3407 578 3493 hujus
612 3407 773 3490 epistulae
809 3410 1005 3476 mentionem
1040 3408 1128 3494 feeit,
1164 3407 1246 3476 dioit

82 3518 122 3602 (o.
147 3515 215 3601 40.)
260 3516 482 3582 Alexandrum
498 3516 569 3582 Isso
586 3513 779 3597 proiectum,
801 3535 874 3583 eum
897 3517 1083 3600 Aegyptum
1106 3519 1243 3599 peteret,

81 3622 114 3688 iu
128 3623 313 3689 Phoenicen
336 3623 538 3706 pervenisse,
562 3621 619 3688 ubi
639 3621 772 3690 videtur
787 3620 978 3688 Alexander
1000 3622 1086 3687 hano
1105 3622 1246 3690 alteram

82 3729 182 3796 Darei
204 3728 374 3813 epistulam
398 3729 580 3813 aooepisset
605 3729 690 3798 hano
706 3727 791 3794 enim
814 3746 878 3794 non
895 3728 1047 3811 priorem,
1065 3729 1123 3793 sed
1138 3733 1245 3811 poste

82 3834 200 3901 riorem
226 3834 328 3900 Darei
357 3833 530 3916 epistulam
561 3851 652 3916 esse,
684 3831 789 3900 Curtii
815 3831 1002 3900 testimonio
1027 3832 1243 3912 oouflrmatur,

86 3942 168 4022 quod
182 3939 270 4007 inira
286 3941 431 4008 afferam.
455 3941 550 4007 Nune
573 3957 731 4024 exponam
750 3939 827 4020 qnid
843 3937 1007 4007 Diodorus
1023 3938 1245 4021 delegatione

84 4065 103 4113 a
124 4050 232 4115 Dareo
256 4047 356 4114 missa
378 4046 564 4114 tradiderit.

169 4152 358 4221 Alexander
381 4172 422 4220 ex
446 4156 598 4238 Aegypto
622 4151 787 4235 proiectus
810 4151 844 4218 in
860 4150 989 4234 Syriam
1005 4149 1162 4238 peruenit¹
1181 4169 1245 4234 qua
