3008 4614
793 144 858 212 100

247 341 399 424 protulit,
432 361 496 408 non
529 342 572 407 ad
602 347 768 423 satrapas,
791 343 850 408 sed
872 343 915 408 ad
939 347 1076 408 matrem
1101 343 1212 408 datam
1235 359 1307 408 esse
1331 340 1414 406 mihi

244 466 434 529 persuasum
458 455 518 515 est.

334 554 513 638 Epistulas,
530 572 612 635 quas
629 554 815 636 Hesychius
830 561 999 636 memorat,
1016 553 1096 636 ipsis
1113 554 1283 636 scriptoris
1299 572 1414 620 earum

245 661 355 728 verbis
384 673 535 731 servatas
566 659 681 741 luisse,
711 679 752 726 ex
777 679 814 727 eo
838 663 1042 746 perspicuum
1068 668 1134 741 est,
1161 662 1247 742 quod
1268 662 1335 727 no‘n
1358 679 1414 727 res

245 774 303 834 aut
330 767 528 847 sententiae,
560 768 618 834 sed
646 767 807 835 uocabula
837 766 945 834 exiis
974 769 1165 850 deprompta
1188 774 1274 834 sunt.
1321 769 1415 852 Quae

245 873 404 957 epistulae
428 892 569 944 veraene
585 874 707 941 inerint
723 894 765 940 an
781 874 933 941 subditae
949 875 977 941 si
993 894 1141 958 quaeras,
1169 875 1415 958 respiciendum

246 987 297 1048 est
330 983 499 1064 probabile
533 1001 596 1049 non
632 999 704 1047 esse
743 980 897 1048 falsarios
933 983 1012 1048 data
1042 999 1142 1065 opera
1177 980 1416 1062 conqusivisso

245 1089 432 1172 poculorum
464 1085 594 1154 nomina
624 1106 703 1154 rara
737 1095 793 1154 aut
826 1088 1004 1170 vocabula,
1041 1106 1124 1170 quae
1154 1094 1248 1156 orant
1277 1087 1416 1154 dialecti

244 1193 476 1261 Macedonicae
492 1195 634 1276 propria.
665 1193 773 1276 Quare
788 1193 894 1277 potius
909 1193 944 1259 in
960 1193 1047 1261 veris
1064 1212 1159 1274 quam
1174 1194 1209 1260 in
1225 1193 1416 1260 subdititiis

247 1318 302 1366 aas
325 1300 493 1382 ponendas
510 1316 582 1365 esse
598 1301 764 1366 concedes.
799 1298 968 1367 Vocabula
983 1308 1101 1380 autem,
1126 1317 1211 1380 quae
1226 1300 1416 1383 Hesychius

246 1425 287 1474 ex
309 1406 350 1474 iis
375 1405 539 1488 excerpsit
562 1413 595 1472 et
618 1404 854 1487 interpretatus
878 1415 938 1492 est,
962 1406 1045 1471 haec
1068 1418 1160 1473 sunt:

400 1537 573 1621 Ἀροιιάιοι·
597 1544 626 1602 οἱ
648 1544 677 1600 ἐν
695 1538 884 1619 Ἀλεξάνδρου
907 1540 1083 1611 ἐπιστολαῖς.

403 1645 510 1728 γητικοί·
524 1646 592 1727 παρ’
604 1644 782 1727 Ἀλεξάνδρῳ
792 1645 818 1732 ¹)
831 1647 1004 1716 ἐπιστολαῖς,
1020 1646 1144 1728 ποτήρια
1155 1643 1229 1710 οὗτοι
1241 1647 1415 1725 καλούμενοι,

404 1757 533 1823 σκοῖδος·
563 1750 636 1834 ἀρχή
665 1775 708 1823 τις
737 1752 820 1832 παρὰ
843 1750 998 1814 Μακεδόσι
1025 1757 1181 1834 τεταγμένη
1210 1756 1258 1814 ἐπὶ
1287 1761 1344 1816 τῶν
1374 1759 1417 1816 δι-

404 1861 573 1939 καστηρίοιν.
602 1859 619 1933 ἡ
641 1857 715 1931 λέξις
738 1870 829 1919 κοῖται
852 1865 881 1919 ἐν
903 1871 967 1930 ταῖς
990 1861 1155 1930 ἐπιστολαῖς
1172 1856 1371 1941 Ἀλεξάνδρου.

251 1992 410 2077 Quidnam
440 2009 505 2057 vox
535 1988 693 2070 Ἀροαάιοι
717 1991 887 2074 significet,
911 2010 976 2058 non
999 1992 1111 2074 liquet.
1158 1991 1190 2058 J.
1215 1994 1348 2061 Alberti
1370 1997 1416 2060 ad

248 2101 279 2164 h.
314 2099 335 2164 l.
370 2097 514 2168 virorum
549 2099 717 2164 doctorum
752 2098 960 2181 conjecturas
994 2098 1122 2183 attulit,
1154 2117 1238 2180 quae
1266 2119 1309 2165 ne
1331 2099 1434 2182 ipsis,

248 2204 379 2287 quidem
401 2205 482 2272 viris
507 2204 622 2284 doctis,
648 2204 704 2286 qui
726 2223 782 2270 eas
806 2204 956 2271 fecerunt
971 2207 1130 2287 probatae
1154 2224 1225 2273 esso
1245 2205 1414 2275 videntur.

248 2311 448 2378 Vocabulum
472 2307 572 2392 γητικὰ
595 2314 654 2375 aut
676 2329 717 2378 ex
740 2311 889 2393 epistula,
914 2311 1005 2394 eujus
1028 2313 1220 2378 Athenaeus
1243 2319 1278 2379 et
1293 2313 1415 2380 Pollux
1497 2301 1498 2354 3

246 2417 442 2484 mentionem
465 2416 601 2500 faciunt,
629 2423 686 2483 ant
709 2437 750 2484 ex
772 2417 870 2484 simili
893 2417 1033 2500 epistula
1055 2426 1217 2501 sumptum
1234 2438 1306 2486 esse
1321 2419 1414 2489 vide-

248 2533 311 2590 tur.
357 2524 453 2590 Hanc
476 2543 588 2593 vocem
612 2523 743 2590 dialecti
758 2525 993 2591 Macedonicae
1016 2528 1181 2608 propriam
1204 2544 1276 2594 esse
1299 2525 1413 2612 sione)

247 2631 304 2715 ait,
337 2641 438 2714 negat
466 2634 537 2698 sine
569 2649 667 2697 causa
689 2630 864 2718 Hansen⁸)‚
891 2631 946 2713 qui
968 2631 1003 2697 id
1025 2632 1194 2698 Persicum
1216 2632 1414 2701 uocabulum

247 2757 319 2805 esse
342 2744 445 2820 putat,
470 2756 552 2818 quae
583 2737 771 2820 conjectura
801 2739 911 2820 placet
932 2738 1064 2806 Pridico
1087 2738 1165 2805 ibid.
1189 2760 1221 2822 p.
1245 2738 1297 2806 84.
1346 2739 1413 2806 Sed

247 2863 310 2910 non
333 2845 429 2912 video
454 2863 512 2910 cur
535 2843 725 2910 Alexander
741 2844 838 2910 etiam
853 2843 989 2911 Persica
1005 2845 1127 2926 pocula,
1152 2845 1281 2928 siquae
1302 2847 1412 2913 Mace-

249 2949 371 3018 donicis
395 2950 515 3018 similia
538 2956 642 3034 erant,
666 2950 877 3017 Macedonico
894 2949 1023 3016 nomine
1039 2969 1159 3018 vocare
1176 2969 1242 3017 non
1257 2954 1410 3034 potuerit.

248 3057 298 3123 De
321 3075 401 3126 voce
426 3063 543 3128 σκοτοος
567 3057 717 3124 conferas
743 3056 969 3124 annotationes
986 3058 1073 3139 apud
1088 3056 1121 3124 J.
1138 3057 1267 3126 Alberti
1282 3061 1325 3125 ad
1340 3060 1371 3126 h.
1387 3062 1408 3126 l.
1501 3047 1502 3050 '

337 3163 344 3177 ’
389 3167 404 3210 4

248 3171 282 3230 et
304 3163 467 3338 Flccgrgius
502 3270 559 3356 VI,
594 3271 656 3352 IX,
693 3271 736 3340 34
770 3270 872 3338 tradit
894 3270 1120 3339 Alexandrum
1154 3289 1227 3337 cum
1249 3270 1409 3338 Philotam

248 3384 420 3444 accusaret
441 3378 525 3443 haec
541 3377 676 3445 dixisse:

406 3503 471 3568 Hic
494 3521 565 3569 cum
589 3503 791 3587 scripsissem
815 3506 845 3571 ei
868 3523 928 3589 pro
947 3503 1024 3587 jure
1048 3506 1116 3568 tam
1139 3501 1311 3570 familiaris
1332 3518 1409 3567 usus
1499 3485 1500 3513 ἢ

407 3616 505 3691 atqua
536 3609 718 3692 amicitiae‚·
745 3610 849 3691 qualis
877 3627 950 3676 sors
973 3610 1062 3677 edita
1084 3614 1172 3676 esset
1194 3609 1289 3678 Jovis
1311 3609 1407 3674 Ham·

407 3715 510 3782 monis
533 3715 671 3797 oraculo,
695 3764 703 3780 .
728 3767 735 3782 .
760 3767 768 3784 .

338 3930 358 3999 ¹)
376 3929 498 3983 Fortasse
516 3924 578 3998 παρ’
595 3924 756 3999 Ἀλεξάνδρῳ
774 3925 801 3980 ἓν
820 3926 976 3983 ἐπιστολαῖς.

338 4019 359 4088 ¹)
376 4018 480 4072 thnb
492 4017 642 4072 Zeitsohrift
654 4018 698 4071 fiir
709 4016 908 4086 vergloiohende
918 4016 1253 4086 SprachiorsohnngXXlI
1266 4033 1290 4086 p.
1304 4015 1352 4070 203
1364 4028 1403 4080 sq.

339 4105 502 4176 ⁶)Philolog.
522 4108 650 4174 XXXIX,
672 4123 697 4176 p.
711 4105 770 4159 290.

208 4231 215 4241 ·
337 4195 359 4254 ⁴)
376 4193 480 4248 Ibidem
498 4209 523 4262 p.
543 4193 604 4248 215.
