3008 4614
686 128 749 197 123

128 327 279 395 redditur
310 329 500 395 Alexandro
536 327 677 411 epistula
700 327 810 410 Darei,
847 327 886 394 de
921 345 984 408 qua
1008 325 1137 394 Curtius
1161 327 1219 410 IV,
1258 329 1295 423 V,

132 433 188 507 21,
211 435 295 502 baec
317 434 429 502 tradit.

291 541 396 607 isdem
419 539 523 606 ferme
544 539 656 607 diebus
680 539 783 606 Darei
804 537 937 605 litterae
971 539 1104 606 adlatae
1127 546 1201 606 suut
1224 546 1297 606 tan·

292 647 425 714 demut
454 648 527 730 regi
550 646 702 729 scriptae.
748 647 906 728 Petebat,
937 644 987 714 uti
1009 645 1107 713 filiam
1141 665 1231 714 suam
1253 683 1294 694 -

293 751 438 820 Statirae
470 758 543 820 erat
572 771 688 820 nomen
716 789 760 800 -·
790 737 913 835 nuptiis
936 752 1126 819 Alexander
1155 751 1218 819 sibi
1241 753 1297 818 ad·

288 859 459 943 jungeret:
484 861 589 927 dotem
614 858 731 926 offerre
748 875 873 926 omnem
896 860 1064 942 regionem
1079 858 1165 926 inter
1187 858 1297 924 Helle-

291 973 442 1050 spontum
490 973 525 1032 et
561 966 671 1049 Halyn
709 983 836 1033 omnem
874 964 986 1048 sitam,
1025 965 1101 1032 inde
1140 965 1298 1032 orientem

292 1073 512 1156 spectantibus
546 1072 642 1140 terris
677 1078 875 1140 contentum.
933 1072 968 1140 Si
1001 1072 1087 1138 forte
1121 1071 1297 1154 dubitaret,

293 1181 377 1262 quod
402 1178 581 1262 offerretur,
605 1179 763 1262 accipere,
794 1197 957 1261 nunquam
982 1179 1037 1245 diu
1061 1180 1173 1246 eodem
1196 1177 1297 1246 vesti-

293 1287 346 1370 gio
382 1291 472 1352 stare
504 1283 670 1354 fortunam
707 1302 899 1367 semperque
930 1285 1092 1368 homines,
1129 1289 1298 1366 quantam·

298 1411 434 1475 cumque
462 1389 657 1460 felicitatem
680 1392 835 1472 babeant,
860 1391 1018 1461 iuvidiam
1041 1399 1153 1459 tamen
1175 1390 1298 1458 sentire

292 1500 458 1584 majorem.
505 1499 623 1566 Vereri
646 1515 691 1571 se,
713 1516 755 1564 ne
775 1498 885 1567 avium
907 1501 1011 1582 modo,
1036 1516 1117 1580 quas
1139 1497 1297 1564 naturalis

293 1606 413 1676 levitas
436 1612 561 1690 ageret,
594 1607 637 1671 ad
660 1605 770 1672 sidera
800 1604 892 1671 inani
914 1624 955 1670 ac
983 1605 1101 1688 puerili
1123 1611 1233 1671 mente
1262 1622 1297 1671 se

293 1711 441 1780 efferret:
476 1711 559 1778 nibil
593 1711 759 1798 difficilius
795 1730 867 1779 esse
903 1731 999 1795 quam
1032 1712 1067 1778 in
1099 1711 1157 1778 illa
1187 1715 1297 1778 aetate

293 1824 423 1886 tantam
446 1837 563 1902 capere
586 1818 763 1886 fortunam.
809 1819 930 1886 Multas
954 1835 989 1884 se
1012 1818 1119 1885 adhuc
1141 1817 1297 1899 reliquias

292 1925 416 1993 babere
439 1943 500 1992 nec
522 1943 650 2008 semper
665 1925 752 1991 inter
775 1924 945 2010 angustias
969 1943 1063 2008 posse
1081 1925 1297 2007 deprehendi:

291 2033 524 2098 transeundum
539 2049 611 2098 esse
626 2030 814 2098 Alexandro
830 2031 1033 2112 Euphratem
1050 2030 1240 2115 Tigrimque
1263 2037 1297 2097 et

293 2139 427 2206 Araxen
451 2143 485 2204 et
508 2137 676 2221 Choaspen
688 2139 723 2223 ¹),
751 2157 871 2222 magna
890 2140 1092 2204 munimenta
1114 2136 1208 2221 regni
1230 2137 1297 2204 sui:
1372 2142 1374 2146 ’

294 2246 488 2315 veniendum
511 2246 545 2311 iu
570 2263 709 2329 campos,
742 2244 800 2312 ubi
822 2243 990 2328 paucitate
1014 2263 1144 2312 suorum
1168 2245 1297 2311 erubes-

296 2353 433 2420 cendum
464 2350 516 2418 sit.
572 2353 642 2419 Iam
680 2352 838 2435 Mediam,
869 2351 1080 2436 Hyrcaniam,
1111 2352 1235 2419 Bactra
1265 2357 1299 2416 et

294 2459 419 2527 Oceani
448 2459 584 2542 accolas,
616 2460 744 2540 quando
777 2458 942 2526 aditurum
971 2496 1016 2506 -
1046 2477 1087 2524 ne
1116 2458 1298 2542 Sogdianos

294 2571 328 2631 et
350 2565 547 2632 Arachosios
570 2565 731 2630 nominem
756 2570 946 2646 ceterasque
970 2569 1084 2649 gentes
1108 2565 1153 2631 ad
1176 2564 1298 2630 Cauca-

295 2690 365 2738 sum
389 2679 423 2738 et
445 2671 573 2738 Tanain
598 2669 823 2755 pertinentes?
868 2672 1110 2739 Senescendum
1133 2670 1204 2739 fore
1225 2677 1298 2737 tan-

295 2785 360 2845 tum
383 2785 549 2844 terrarum
579 2778 635 2846 val
657 2776 727 2844 siue
750 2779 873 2861 proelio
903 2777 1045 2846 obeunti.
1092 2779 1135 2845 Se
1157 2796 1237 2848 uero
1253 2779 1297 2843 ad

295 2884 400 2968 ipsum
424 2901 545 2951 vocare
569 2884 746 2968 desineret,
771 2903 910 2968 namque
932 2885 1021 2951 illins
1045 2884 1145 2950 exitio
1169 2901 1203 2950 se
1227 2900 1298 2951 esse

292 2998 476 3059 venturum.

135 3095 338 3181 Alexander,
355 3097 459 3178 inquit
474 3097 612 3178 Curtius,
628 3097 680 3181 iis,
698 3100 753 3181 qui
768 3098 898 3166 litteras
914 3099 1104 3179 attulerant,
1120 3097 1298 3182 respondit.

291 3204 434 3271 Dareum
462 3203 523 3272 sibi
548 3205 658 3272 aliena
682 3204 872 3288 promittere
903 3211 946 3288 et,
979 3207 1063 3287 quod
1088 3210 1192 3273 totum
1219 3205 1296 3271 ami-

293 3313 389 3390 serit,
420 3311 506 3381 yelle
543 3311 669 3394 partiri.
721 3310 802 3378 Doti
834 3312 896 3379 sibi
926 3312 998 3378 dari
1026 3312 1167 3395 Lydiam
1197 3311 1297 3377 Ionas

293 3417 470 3501 Aeolidem,
499 3417 703 3500 Hellesponti
726 3436 816 3484 oram
844 3417 1003 3487 victoriae
1033 3436 1113 3484 suae
1139 3416 1294 3499 praemia.

293 3522 402 3607 Leges
416 3527 526 3590 autem
542 3543 562 3590 a
576 3522 758 3593 victoribus
778 3523 855 3604 dici,
879 3523 984 3608 accipi
999 3542 1019 3590 a
1035 3523 1149 3593 victis:
1173 3525 1207 3590 in
1223 3529 1294 3589 utro

293 3633 383 3696 stetu
408 3630 502 3696 ambo
527 3635 651 3713 essent,
677 3631 705 3696 si
728 3631 816 3697 solus
838 3629 1015 3715 ignoraret,
1041 3631 1295 3712 quamprimum

291 3735 399 3803 Marte
428 3738 629 3803 decerneret.
676 3737 719 3804 Se
750 3755 878 3819 quoque
906 3756 978 3804 cum
1006 3739 1163 3804 transiret
1194 3755 1294 3816 mare,

291 3859 356 3909 non
380 3841 523 3909 Ciliciam
552 3849 610 3910 aut
632 3843 772 3926 Lydiam
794 3843 981 3928 -quippe
1008 3842 1095 3911 tanti
1121 3843 1199 3910 belli
1229 3843 1295 3908 exi-

292 3967 387 4033 guam
410 3950 495 4016 banc
518 3968 590 4016 esse
611 3951 795 4017 mercedem
817 3987 861 3998 -
884 3951 942 4016 sed
963 3950 1172 4033 Persepolim,
1197 3956 1296 4032 caput

291 4057 386 4139 regni
421 4055 509 4139 eyes,
544 4056 667 4122 Bactra
700 4053 818 4123 deinde
853 4069 885 4123 et
918 4056 1092 4123 Ecbatana
1125 4055 1295 4139 ultimique

221 4195 243 4266 ¹)
261 4195 326 4253 Alii:
344 4195 496 4265 Hydaspen.
