3008 4614
647 85 710 151 115

507 334 545 420 h)
569 334 615 401 ad
638 334 853 420 smyrnaeos

88 475 128 540 In
151 474 264 561 titulo,
294 495 356 557 quo
380 475 494 542 foedus
517 474 712 558 continetur,
745 475 832 558 quod
854 473 1028 558 Smyrnaei
1058 493 1126 542 cum
1151 474 1192 540 iis
1214 473 1262 542 le·

88 587 221 666 cerunt,
259 582 318 664 qui
339 581 540 665 Magnesiam
577 584 620 648 ad
648 582 796 667 Sipylum
830 581 1017 648 incolebaut
1027 581 1060 669 ¹),
1097 580 1131 648 0.
1163 583 1196 649 J.
1221 579 1261 648 G.

87 687 183 755 3137
209 709 242 757 y.
267 686 332 754 100
355 708 402 771 sq.
425 691 508 756 haec
531 690 704 772 leguntur:

235 829 286 892 καὶ
309 830 446 916 ὑπάρχειν
469 828 575 905 αὐτοῖς
595 831 637 892 τὰ
660 828 743 893 αὐτὰ,
763 828 822 893 ὅσα
843 828 982 904 καὶτοῖς
1004 824 1113 903 ἄλλοος

238 936 375 1011 πολίταις
397 935 528 1023 ὑπάρχει,
550 936 602 999 καὶ
623 933 697 1012 τούς
718 957 754 998 τε
776 935 906 1022 κλήρους
929 933 1028 998 αὐτῶν
1050 936 1124 1010 τοὺς

237 1039 300 1123 tto,
323 1041 355 1106 dv
377 1064 414 1105 τε
436 1043 452 1106 ὁ
473 1037 556 1119 Θεὸς
576 1043 628 1106 καὶ
650 1042 756 1128 Σωτὴρ
770 1033 930 1128 Ἀντίοχος
953 1041 1135 1128 ἐπεχώρησαν

237 1148 342 1224 αὐτοῖς
362 1149 414 1212 καὶ
436 1149 500 1235 περὶ
522 1141 582 1230 ο[0]

236 1250 438 1342 Ἀλέξανδρος
459 1257 655 1344 γεγράφηκεν,
678 1251 751 1318 εἶναι
774 1253 1133 1332 castrametabatur.
1244 1271 1246 1276 ’

86 1412 189 1478 Haec
211 1410 370 1492 Droysen,
402 1410 495 1476 Alex.
525 1409 650 1494 (Gotha
682 1407 782 1496 1877)
809 1409 842 1475 11
864 1429 896 1491 p.
921 1406 995 1493 400,
1024 1412 1059 1476 in
1082 1409 1261 1476 Alexandri

85 1515 247 1597 epistulis
270 1522 430 1599 numerat,
455 1515 681 1598 Waddington
705 1517 748 1581 ad
764 1514 894 1583 titulum
921 1515 994 1603 165,
1017 1515 1109 1599 euJus
1132 1526 1263 1582 senten·

84 1625 175 1688 tiam
209 1623 326 1704 probat
359 1621 600 1705 Dittenberger,
636 1621 715 1704 Syll.
744 1620 841 1688 inser.
876 1621 933 1688 Gr.
970 1642 999 1705 p.
1031 1621 1096 1687 273
1126 1623 1199 1688 adn.
1230 1619 1262 1703 2,

87 1727 229 1812 conjicit
262 1729 347 1794 huuc
377 1746 450 1794 esse
479 1728 704 1795 Alexandrum
735 1727 893 1794 Antiochi
922 1727 956 1794 Π
990 1728 1172 1796 ministrum
1205 1733 1263 1794 aut

89 1839 276 1918 satrapam.

185 1949 277 2016 Haec
299 1948 483 2017 Alexandri
505 1947 649 2035 edictal)
672 1949 825 2032 quoniam
847 1951 891 2017 ad
913 1948 1071 2032 epistulas
1095 1949 1165 2032 ejus
1188 1969 1261 2032 per-

89 2055 212 2132 tinent,
237 2055 346 2135 attuli,
370 2058 429 2122 sed
452 2056 635 2123 accuratius
658 2056 836 2144 tractureil
860 2040 1067 2140 supersedeo,
1099 2057 1262 2138 quianon

91 2164 137 2229 de
163 2162 289 2244 edictis,
314 2164 354 2230 de
379 2181 514 2245 quorum
537 2165 679 2230 veritate
702 2181 796 2229 nemo
820 2171 871 2230 est
894 2165 949 2245 qui
972 2163 1111 2246 dubitet,
1143 2165 1199 2230 sed
1223 2163 1264 2231 de

93 2268 310 2352 epistularum
345 2269 490 2350 reliquiis
514 2289 534 2334 a
563 2288 672 2335 rerum
702 2269 917 2354 scriptoribus
944 2269 1159 2352 conservatis,
1184 2288 1263 2351 qua

35 2413 38 2420 ·
91 2392 168 2439 rum
192 2373 315 2441 veritas
331 2372 366 2439 in
389 2373 523 2442 dubium
539 2380 656 2443 vocata
672 2382 732 2455 est,
758 2375 929 2459 disputare
944 2374 1037 2443 nobis
1061 2375 1262 2459 propositum

91 2485 177 2546 erat.
232 2480 318 2564 Quas
354 2479 505 2561 quoniam
535 2481 628 2548 attuli
668 2487 889 2563 quantumque
915 2481 1007 2549 licuit
1036 2487 1263 2564 perscrutatus

92 2604 176 2669 sum,
214 2592 322 2652 restat
359 2594 395 2653 ut
433 2587 473 2652 de
511 2586 660 2671 epistulis
700 2605 796 2669 agam
834 2593 868 2652 et
905 2587 1138 2670 legationibus,
1178 2606 1261 2668 quas

96 2693 291 2758 Alexander
315 2698 349 2758 et
371 2695 500 2761 Dareus
524 2690 670 2760 interae
694 2692 862 2760 miserunt.

3 2863 4 2874 ,
189 2806 405 2888 colloquium,
442 2809 526 2890 quod
560 2808 749 2875 Alexander
779 2814 812 2875 et
846 2809 975 2874 Dareus
1011 2825 1069 2891 per
1103 2806 1261 2890 epistulas

3 2907 4 2914 ’
90 2913 289 2996 legatosque
300 2914 388 2980 iuter
405 2933 440 2980 se
452 2914 613 2998 lecerunt,
630 2914 688 2980 alii
700 2915 877 2999 scriptores
889 2913 1044 2997 breviter,
1061 2913 1119 2980 alii
1134 2916 1263 2995 copiose

92 3025 325 3102 exposuerunt.
373 3024 482 3101 Atque
505 3020 600 3102 quasi
622 3026 868 3105 praetereuntes
883 3021 945 3086 hoe
969 3019 1159 3102 colloquium
1183 3023 1260 3089 atti-

90 3133 214 3211 gerunt
230 3124 428 3193 Themistius
452 3132 533 3192 orat.
558 3127 615 3207 IV,
640 3124 711 3210 57⁰,
759 3126 876 3194 Suidas
902 3147 934 3195 y.
951 3125 1139 3208 Ἀλέξανδρος
1167 3134 1202 3193 et
1231 3149 1262 3197 v.

88 3237 230 3311 Asprum,
252 3233 448 3300 Plutarchus
470 3232 553 3316 Reg.
577 3238 610 3301 et
631 3235 707 3316 imp.
732 3232 889 3315 apophth.
916 3231 1001 3300 18οΒ
1029 3239 1063 3299 et
1085 3232 1143 3303 uit.
1166 3232 1261 3300 Alex.

87 3337 224 3422 XXIX,
247 3339 394 3404 Zonaras
417 3337 474 3416 IV,
499 3337 550 3423 10,
575 3339 738 3404 Diodorus
760 3337 877 3423 fragm,
908 3339 985 3405 libri
1007 3339 1117 3424 XXX,
1147 3337 1200 3423 21,
1231 3338 1261 3406 4.

186 3560 209 3628 ¹)
228 3559 267 3616 ct.
286 3558 449 3614 Boaclrhium
466 3560 499 3614 ad
516 3559 588 3612 hune
605 3559 719 3614 titulum.

187 3664 359 3735 ospatube
376 3666 560 3736 iragmentum,
584 3667 653 3736 quod
672 3665 815 3736 (dichorius,
839 3666 1042 3737 Mittheilungen
1061 3666 1197 3723 des'arch.
1215 3668 1261 3723 In-

86 3755 195 3822 stituta,
214 3757 294 3824 XIII,
315 3755 384 3814 lass
401 3771 425 3824 p.
445 3755 488 3824 54,
507 3753 605 3823 publici
633 3755 701 3824 juris
719 3755 790 3824 fecit,
810 3755 913 3811 omitto:
932 3755 976 3810 illa
998 3757 1069 3811 enim
1091 3756 1203 3826 epistula
1228 3758 1261 3812 ab

88 3841 249 3898 Alexandro
267 3859 302 3897 an
320 3843 352 3897 ab
370 3842 419 3897 alio
437 3859 499 3912 rege
512 3842 611 3912 scripta
628 3843 669 3911 sit,
689 3860 742 3897 non
759 3842 850 3914 liquet.

189 3949 269 4019 ⁸)De
287 3949 429 4003 Alexandri
448 3948 540 4003 edictis
566 3948 695 4019 copiosius
719 3949 834 4020 diaputat
859 3967 978 4021 quaeque
1001 3950 1052 4004 viri
1075 3951 1143 4005 docti
1162 3951 1262 4020 judicia
1376 3959 1381 3978 ·
1484 3973 1485 3984 ¹

88 4037 210 4094 fecerint
228 4039 334 4108 exponit
351 4037 471 4092 Pridicus
490 4037 552 4094 ibid.
571 4054 596 4107 p.
622 4037 655 4092 at
675 4054 732 4109 sqq.
767 4039 808 4094 De
826 4038 866 4109 iis,
893 4055 961 4109 quae
986 4039 1121 4098 Pridicum
1147 4040 1259 4111 lugiunt,

87 4130 128 4184 cf.
148 4128 230 4198 locos,
248 4141 314 4198 quos
329 4125 443 4183 laudavi.
991 4127 993 4132 ’

1053 4219 1083 4275 8*
