3008 4614
748 55 810 123 146

200 253 429 334 ἀποτρίψασθαι
452 249 502 333 τὴν
521 251 742 335 φρουρὰν-μήτε
764 251 812 314 διὰ
828 229 1087 334 Ποάοσπέρχοντος
1109 250 1179 331 μήτε
1202 253 1237 314 δι’
1262 255 1371 331 Ὀλυμ-

202 357 315 443 πιάδος,
340 359 519 438 ἀπετόλμησέ
539 382 582 432 τις
604 361 663 426 κτλ.

287 469 463 548 Postquam
492 465 676 532 Cassander
704 466 851 551 Pydnam
887 465 1106 551 expugnavit,
1139 464 1370 550 Olympiadem

203 576 283 640 data
299 573 439 656 epistula
453 571 645 639 Aristonum
661 571 864 656 Amphipolis
879 572 1082 655 praefectum
1098 571 1235 656 jussisse
1251 573 1368 639 urbem

199 680 385 748 Oassandro
409 679 552 759 tradere,
577 684 720 746 testatur
742 678 906 746 Diodorus
928 677 1024 758 XIX,
1048 677 1138 762 50,8:

356 789 434 848 Ἐπεὶ
470 786 502 847 δὲ
537 783 650 867 ἔγραψε
684 783 757 866 πρὸς
790 782 878 848 αὐτὸν
912 783 1075 865 Ὀλυμπιάς
1114 785 1280 848 ἀπαιτοῦσα
1299 785 1370 867 Ιτὴν

356 895 451 956 πίστιν
474 896 524 953 καὶ
548 893 704 956 κελεύουσα
724 897 919 976 παραδοῦναι,
942 889 1088 974 διαλαβών
1110 892 1269 972 ἀναγκαῖον
1292 891 1368 954 εἶναι

354 997 387 1062 τὸ
412 996 666 1080 προσταττόμενον
695 1011 786 1062 ποιεῖν
812 996 862 1078 τήν
892 1021 923 1060 τε
953 997 1037 1061 πόλιν
1068 1000 1218 1082 ἐνεχείρισε
1248 1003 1297 1060 καὶ
1328 997 1368 1060 τά

354 1105 444 1168 πιστὰ
468 1109 534 1184 περὶ
556 1117 606 1184 τῆς
629 1106 795 1186 ἀσφαλείας
817 1103 927 1187 ἔλαβεν.

197 1216 248 1282 Ι)ο
264 1213 328 1280 hac
343 1212 484 1296 epistula
500 1213 631 1297 supra1)
648 1212 808 1296 copiosius
825 1211 1064 1296 disputavimus
1076 1212 1367 1299 perspeximusque

197 1340 240 1387 ex
263 1338 303 1386 ea
324 1339 432 1387 rerum
447 1319 628 1387 Alexandri
643 1321 819 1403 scriptores
835 1319 989 1400 aequales
1012 1319 1172 1404 epistulas
1188 1322 1366 1387 memoriae

199 1426 394 1513 prodidisse.

285 1533 447 1601 Arrianus
475 1534 562 1617 apud
587 1533 741 1601 Photium
769 1531 936 1619 (Biblioth.
967 1535 1036 1600 cod.
1067 1533 1178 1618 XCII,
1207 1534 1271 1601 vol.
1299 1533 1364 1617 ΙΙΙ,

195 1660 226 1726 p.
242 1639 308 1706 305
334 1641 382 1708 ed.
398 1639 524 1725 Migne)
548 1639 723 1725 epistulam
746 1639 887 1708 fortasse
903 1638 1108 1724 Olympiadis
1123 1639 1266 1724 respicit,
1292 1659 1365 1707 cum

196 1747 289 1815 dicit:

348 1852 436 1917 Ἀλλά
451 1878 482 1935 γε
499 1855 547 1914 καὶ
561 1851 718 1932 Ὀλυμπιὰς
734 1850 949 1934 ἡἈλεξάνδροο
963 1851 1053 1933 μήτηρ
1072 1850 1182 1931 ἔπεμπε
1193 1855 1260 1933 παρ’
1275 1852 1363 1916 αὐτὸν

353 1959 574 2046 (Perdiccam)
597 1957 812 2042 aaaayyooapac'ap
833 1957 884 2038 τὴν
907 1963 1055 2040 θυγατέρα
1079 1956 1284 2040 Κλεοπάτραν.

286 2066 487 2150 Olympiadis
519 2065 692 2149 epistulam
721 2065 814 2133 novit
842 2067 961 2132 Pollux
985 2065 1184 2133 Onomastic.
1209 2067 1285 2150 VII,
1310 2065 1362 2149 28,

195 2195 227 2257 p.
253 2171 318 2239 280
341 2173 390 2239 ed.
414 2172 555 2240 Bekker.

354 2285 535 2360 ἐριουργεῖον·
560 2279 575 2341 ὁ
600 2276 684 2341 ἰστάν
708 2281 738 2340 ἑν
759 2280 949 2359 Ὀλομνιιάἀος
973 2281 1115 2359 ἐπιστολῇ.

201 2385 329 2466 Pollux,
358 2385 413 2466 qui
442 2403 506 2452 non
531 2385 725 2452 sententiam
750 2437 758 2469 ‚
783 2388 842 2453 sed
864 2388 1056 2454 vocabulum
1080 2405 1121 2452 ex
1144 2387 1284 2468 epistula
1307 2389 1361 2454 de·

198 2494 365 2578 prompsit,
388 2491 495 2574 ipsam
518 2492 588 2559 sine
612 2493 708 2560 dubio
732 2493 904 2576 epistulam
927 2493 1079 2577 inspexit,
1103 2493 1162 2560 sed
1185 2511 1224 2560 ea
1239 2512 1362 2561 verane

199 2599 301 2666 luerit
323 2618 364 2666 an
388 2598 519 2667 subdita
541 2618 656 2681 parum
678 2600 791 2681 liquet.

285 2708 357 2774 Hae
385 2713 463 2773 aunt
489 2706 649 2786 reliquiae
676 2706 898 2791 epistularum,
929 2725 1010 2788 quas
1041 2706 1210 2791 Olympias
1233 2706 1361 2774 dedisse

194 2814 310 2880 femur.
356 2812 527 2894 Reliquias
555 2813 778 2895 epistularum,
812 2833 892 2895 quas
922 2815 1112 2880 Alexander
1135 2820 1170 2880 et
1192 2813 1359 2897 Olympias

194 2919 359 3000 accepisse
386 2921 570 3000 traduntur,
596 2939 789 3002 quamquam
814 2939 925 2986 omnes
949 2919 1075 3005 collegi,
1099 2926 1210 2986 tamen
1232 2919 1359 2988 veritus

194 3044 236 3091 ne
262 3025 379 3108 longus
402 3026 463 3092 sim
485 3028 520 3093 in
543 3027 634 3092 aliud
650 3034 778 3109 tempus
795 3025 917 3093 differo.
964 3027 1074 3093 Etiam
1088 3026 1163 3092 illas
1179 3026 1360 3093 Alexandri

193 3132 236 3198 ad
259 3132 368 3198 varios
394 3133 595 3214 aliorumque
623 3134 665 3200 ad
688 3134 911 3200 Alexandrum
936 3135 1029 3200 datas
1053 3133 1211 3216 epistulas
1235 3131 1357 3215 omitto,

196 3256 280 3319 quae
301 3237 335 3305 in
350 3239 443 3305 libris
459 3240 688 3322 manuscriptis
703 3240 979 3323 epistularumque
996 3239 1185 3323 corporibus
1202 3239 1357 3306 collectae

93 3373 96 3380 ·
198 3350 341 3410 exstant.
391 3345 441 3410 De
471 3345 513 3411 iis
545 3346 707 3430 epistulis,
739 3365 822 3428 quae
855 3348 944 3430 apud
972 3343 1357 3430 Pseudoaallistnenem2)

197 3456 231 3516 et
253 3451 285 3518 J.
310 3450 478 3518 Valerium
501 3451 698 3541 leguntur3),
722 3473 829 3535 pauca
852 3453 969 3521 dicam.

280 3663 300 3732 1)
318 3680 343 3732 u·
357 3666 387 3720 l·

285 3752 305 3820 ²)
324 3752 364 3806 De
383 3751 643 3808 Pseudocallisthons
662 3755 694 3808 cf.
716 3755 822 3824 dachar,
841 3753 1125 3824 Pseudocallisthenos,
1147 3754 1224 3809 Halle
1244 3755 1312 3809 1867
1332 3773 1355 3823 p.

195 3843 220 3909 5,
239 3857 264 3909 p.
285 3841 336 3896 102
355 3857 412 3910 sqq.
448 3842 489 3897 De
503 3843 524 3896 I.
537 3841 644 3896 Valerio
658 3844 692 3896 ci.
707 3844 807 3898 Zacher
824 3844 885 3897 ibid.
899 3861 924 3913 p.
944 3846 978 3902 32
997 3859 1054 3913 sqq.
1074 3846 1101 3897 et
1114 3843 1247 3913 Angelum
1259 3843 1354 3898 Maium

192 3930 232 3984 ed.
250 3930 273 3988 I.
291 3929 390 3984 Valerii
408 3932 517 3999 praefat.
538 3935 565 3986 ot
583 3931 701 3986 Knebler
719 3934 759 3986 ed.
778 3933 799 3986 Ι.
819 3932 918 3986 Valerii
936 3934 1047 4002 praefat.

279 4017 300 4085 ⁸)
320 4018 465 4073 Alexandri
483 4019 610 4088 epistulas
629 4021 695 4074 duas
715 4020 825 4075 alteram
843 4021 876 4074 ad
894 4019 1063 4074 Aristotelem
1082 4021 1177 4089 datam,
1197 4019 1307 4075 alteram
1325 4022 1356 4076 ad

190 4108 312 4174 parentes
340 4107 416 4160 affert
441 4107 463 4161 I.
482 4106 605 4162 Valerius
623 4109 644 4176 I,
663 4110 689 4164 9.
725 4110 783 4164 Hae
802 4109 931 4178 epistulae
950 4109 1135 4164 desiderantur
1153 4110 1224 4178 apud
1241 4109 1355 4164 Pseudo-
