3016 4612
638 157 680 225 53

79 355 248 439 Hyrcania
273 355 335 422 dici
358 374 464 438 posse.
514 356 580 422 Sed
611 353 802 421 Kaerstium
826 373 941 437 parum
968 358 1059 420 recte
1078 351 1246 437 judicasse

80 461 258 544 apparebit,
287 462 316 528 si
338 482 407 528 rem
432 463 621 528 accuratius
646 459 912 527 examinabimus,

158 568 388 635 Alexandrum
412 574 485 650 post
501 567 604 634 Darei
628 576 765 634 mortem
781 568 867 650 apud
883 565 1003 632 milites
1019 565 1246 632 concionatum

79 693 142 740 esse
167 675 357 756 militesque
383 676 606 742 conclamasse
623 677 757 741 duceret
782 692 981 755 quocumque
1004 674 1106 742 vellet
1121 678 1246 739 testan-

78 789 126 847 tur
149 781 289 850 Ourtius
313 785 366 865 VI,
396 783 459 865 ΠΙ,
496 783 515 845 7
544 801 613 862 sqq.
643 787 679 847 et
707 780 871 847 Diodorus
903 780 1014 863 XVII,
1044 779 1095 864 74,
1121 776 1156 859 3;
1191 779 1248 845 sed

78 907 132 968 quo
161 887 197 952 in
234 889 306 954 looo
342 893 399 953 aut
434 889 521 969 apud
556 906 635 968 qnos
667 887 787 953 milites
821 888 1010 953 Alexander
1038 885 1248 952 concionatus

77 1004 167 1078 esset,
193 1013 305 1075 neque
329 1000 485 1061 accurate
509 1003 642 1063 veteres
658 993 836 1076 scriptores
861 992 1049 1074 exposuisse
1072 1011 1178 1073 neque
1200 991 1248 1056 in-

77 1105 122 1164 ter
136 1119 172 1165 se
198 1101 409 1166 consensisse
424 1099 589 1185 videntur,
614 1103 643 1166 si
659 1100 789 1181 quidem
814 1118 855 1164 ex
872 1100 1104 1181 discrepantiis
1120 1099 1248 1179 quibus-

78 1208 144 1270 dam
170 1226 285 1272 rerum
309 1206 503 1288 scriptorum
533 1205 699 1272 inferioris
723 1205 845 1272 aetatis
874 1207 914 1271 de
937 1206 1002 1271 illis
1034 1204 1249 1286 scriptoribus

77 1313 239 1395 conjicere
255 1313 341 1380 lieet.
388 1313 534 1378 Diodoro
556 1312 643 1378 enim
666 1318 752 1379 teste
770 1311 897 1396 (XVII,
924 1311 975 1394 75,
1001 1311 1035 1392 1)
1059 1312 1248 1377 Alexander

76 1419 129 1484 illo
157 1428 320 1503 tempore,
354 1439 416 1500 quo
445 1421 626 1486 orationem
657 1418 781 1502 habuit,
815 1420 958 1485 nondum
990 1417 1248 1500 Hecatompylon

79 1539 290 1608 pervenerat3
315 1525 425 1593 Curtio
451 1533 558 1592 autem
579 1532 645 1592 test
682 1526 753 1612 (Vl,
769 1525 813 1608 ΙΙ,
831 1525 867 1609 6)
912 1525 1102 1591 Alexander
1125 1523 1251 1590 concio-

77 1645 170 1700 natus
201 1639 255 1700 est
285 1642 454 1714 postquam
486 1632 749 1714 Hecatompylon
781 1631 942 1713 pervenit.
997 1630 1138 1714 Milites,
1171 1648 1250 1710 quos

77 1741 267 1806 Alexander
290 1748 368 1805 tunc
391 1759 500 1806 secum
520 1741 664 1807 babebat
687 1738 787 1826 (Plut.
812 1739 872 1806 vit.
895 1739 989 1804 Alex.
1014 1738 1161 1813 XLVII)
1185 1756 1251 1802 non

78 1846 131 1911 alii
152 1847 261 1914 fuisse
277 1847 442 1927 videntur,
466 1845 529 1913 nisi
553 1846 612 1929 illi,
638 1848 678 1911 de
703 1845 819 1926 quibus
835 1845 1033 1912 Plutarchus
1057 1842 1128 1929 (vit.
1147 1842 1249 1910 Alex.

23 1963 24 2024 ᾗ
80 1951 205 2038 XLIV)
223 1953 321 2019 dicit:
346 1951 446 2024 Αὐτὸς
469 1955 500 2014 δὲ
515 1952 590 2028 μετὰ
604 1962 655 2030 τῆς
671 1948 867 2029 ἀκμαιοτάτης
882 1950 1028 2027 δυνάμεως
1044 1955 1084 2020 εἰς
1101 1952 1252 2029 ΙΤρκανιάν

23 2121 25 2198 ι
80 2061 300 2142 reciprocatam
328 2060 488 2126 Arrianus
518 2060 594 2144 (III,
631 2059 733 2142 233.)
765 2059 805 2125 de
835 2060 1023 2124 Alexandro
1049 2055 1251 2141 Hyrcaniam

80 2177 210 2246 petente
235 2164 324 2238 αὐτὸς
345 2167 397 2245 μὲν
415 2169 466 2244 τὴν
493 2165 707 2244 ἐπιτομωτάτην
730 2169 779 2226 καὶ
810 2163 1020 2247 χαλεπωτάτην
1049 2164 1193 2247 ἡγήσατο,
1216 2161 1250 2224 τὸ

23 2321 24 2352 ,
82 2275 216 2337 πλεῖστον
241 2277 289 2334 καὶ
322 2269 384 2352 ἅμα
416 2271 450 2334 τὸ
474 2270 655 2352 κουφότατον
681 2281 732 2351 τῆς
761 2270 909 2350 δυνάμεως
939 2268 1026 2352 ἄγων,
1059 2277 1091 2337 et
1121 2269 1252 2335 Curtius

83 2377 148 2464 (VI,
175 2382 236 2463 IV,
263 2380 334 2462 10):
357 2382 446 2462 ‘Ipse
469 2401 539 2448 cccc
556 2381 722 2465 pbolcope
745 2385 773 2446 et
796 2383 939 2461 equitatu
957 2378 1012 2444 GL
1027 2380 1138 2444 studio
1153 2399 1252 2444 emec·

23 2507 25 2566 ι
84 2507 134 2554 sus
156 2495 268 2554 costra
290 2491 326 2553 in
347 2488 438 2570 oolla,
464 2509 527 2570 quo
544 2488 748 2570 Hyrcanium
771 2487 897 2564 οάουνιι,
923 2483 1110 2551 commonit?
1142 2501 1252 2563 quam·

23 2659 25 2676 ,
84 2611 177 2672 quam
195 2594 328 2662 Curtius
351 2592 454 2660 tradit
468 2593 694 2660 Alexandrum
721 2611 792 2658 oum
808 2593 859 2656 his
883 2590 1040 2657 militibus
1055 2587 1253 2672 processisse

23 2715 24 2760 l
84 2713 254 2784 postquam
283 2702 495 2766 concionatus
524 2699 575 2768 sit.
623 2700 715 2766 Haec
746 2704 876 2766 veteres
901 2697 1078 2780 scriptores
1107 2697 1252 2775 tradunt,

85 2811 137 2875 sed
162 2829 205 2875 ex
228 2807 269 2873 iis
291 2825 397 2888 neque
421 2814 578 2888 quantum
602 2824 772 2872 numerum
804 2805 943 2872 militum
967 2804 1154 2870 Alexander
1176 2809 1254 2867 tunc

86 2933 189 2982 secum
214 2914 369 2980 habuerit
392 2932 577 2995 usquequo
600 2913 634 2979 in
657 2912 728 2979 loco
746 2910 957 2978 concionatus
981 2910 1025 2976 sit
1046 2908 1252 2992 intelligitur,

23 3099 24 3104 ἵ
87 3037 219 3099 quorum
244 3027 414 3100 utrumque
430 3019 554 3088 Verbis:
581 3017 766 3100 Φοβοῦμινος
782 3021 813 3079 δὲ
836 3055 880 3066 -
903 3018 1069 3097 προσέβαλε
1084 3013 1175 3095 λέγων
1199 3015 1252 3078 de·

88 3136 297 3194 monstratur.
344 3126 435 3209 Quae
458 3127 562 3195 verba
586 3126 614 3190 si
631 3144 672 3192 ex
688 3125 828 3208 epistula
853 3125 1044 3206 deprompta
1060 3128 1145 3202 sunt,
1170 3121 1255 3203 quod

88 3238 154 3299 veri
177 3231 284 3298 simile
308 3239 368 3315 est,
394 3238 482 3298 certo
506 3242 582 3297 sunt
613 3236 807 3309 argumento
833 3230 1006 3310 epistulam
1030 3248 1103 3296 esse
1126 3247 1254 3297 veram:

90 3356 157 3405 nam
183 3358 257 3406 oum
281 3339 337 3405 ubi
359 3338 424 3404 loci
447 3338 638 3405 Alexander
662 3337 873 3403 concionatus
898 3342 985 3403 esset
1009 3353 1151 3416 quosque
1174 3335 1255 3402 mili·

89 3455 135 3514 tes
157 3454 240 3512 tuno
262 3463 372 3512 secum
387 3445 526 3510 haberet
549 3445 670 3526 duplex
693 3448 782 3509 esset
798 3442 965 3521 memoria,
990 3443 1144 3509 falsarius
1167 3450 1257 3508 certe

90 3571 146 3620 nec
169 3551 269 3618 facile
294 3571 366 3616 eam
390 3552 563 3633 explorare
587 3554 729 3634 poterat,
754 3568 816 3616 neo
840 3569 920 3632 opus
945 3556 1019 3615 erat
1042 3548 1184 3615 dilucide
1208 3548 1255 3613 di-

92 3680 158 3728 tere
175 3666 207 3722 ἐν
228 3661 369 3739 Ὑρκανίᾳ
393 3665 427 3724 et
450 3662 616 3738 δισμυρίους
631 3654 734 3730 πεζοὺς
757 3661 806 3718 καὶ
823 3657 994 3738 τρισχιλίους
1009 3662 1114 3739 ἱππεῖς,
1140 3655 1256 3735 quibus

91 3784 190 3850 neque
213 3765 380 3850 ingenium
404 3773 573 3831 ostentare
596 3783 702 3846 neque
726 3763 887 3846 epistulae
917 3763 1012 3830 fidem
1037 3761 1145 3828 facere
1168 3768 1256 3844 pote-

93 3884 153 3939 rat:
171 3876 298 3954 contra,
323 3871 352 3936 si
371 3870 458 3937 falsa
475 3872 634 3954 traderet,
658 3868 839 3952 periculum
864 3874 992 3935 eratne
1016 3866 1143 3934 fraudis
1166 3887 1257 3934 coar-

95 3988 261 4062 gueretur3
293 3999 396 4060 quare
418 3977 548 4044 falsarii
571 3977 756 4062 hujusmodi
781 3996 836 4043 res
860 3976 1049 4058 plerumque
1071 3995 1135 4042 nou
1159 3975 1256 4042 attin·

94 4089 220 4167 gebant.
278 4084 335 4152 Sin
376 4092 485 4152 autem
523 4103 564 4152 ea
600 4101 710 4150 rerum
750 4082 905 4166 scriptori
943 4083 1121 4175 debentur,
1161 4101 1258 4164 quem

93 4192 285 4259 Plutarchus
309 4191 466 4274 sequitur,
496 4194 648 4274 quoniam
672 4208 744 4256 cum
769 4189 911 4274 epistula
939 4187 1122 4254 arctissime
1145 4189 1258 4256 cobae-

23 2887 25 2930 l
