3016 4612
668 141 711 209 27

106 339 207 422 eules,
230 340 336 406 verba
360 338 535 406 sententiis
560 355 677 422 vacue,
702 335 818 420 quibus
841 336 890 402 illi
911 335 1080 419 ingenium
1103 356 1138 404 se
1161 342 1272 404 osten·

105 453 179 512 tare
201 445 373 529 putebant.
420 444 536 512 Testes
558 450 636 510 sunt
652 443 824 527 epistulae,
849 461 934 524 quae
949 441 1121 510 Aristoteli
1136 442 1274 523 aliisque

106 549 258 618 subditus
275 557 359 634 sunt,
383 550 470 616 nude
489 556 630 634 apparet
645 548 800 616 falsarios
820 547 975 616 universe
991 547 1137 614 scribere
1160 548 1273 616 solitos

106 673 188 739 esse,
211 673 276 722 non
297 654 490 737 singillatim
506 655 556 721 rei
572 661 687 737 gestae
701 653 847 734 laetique
862 671 979 738 perum
995 653 1064 720 uoti
1078 653 1276 720 mentionem

105 761 227 846 lamro,
251 762 336 842 quod
359 762 389 827 si
411 777 554 842 unquam
578 760 739 843 feceruut,
763 760 847 844 ipse,
872 778 966 841 querc
998 769 1274 844 memoraverunt,

105 885 158 934 res
182 865 348 934 sedeciam
371 867 508 951 aperuit.
553 868 600 932 At
623 873 759 932 exstant
780 867 940 949 epistulae
964 865 1005 930 de
1027 864 1147 935 vilibus
1176 869 1276 933 rebus

106 971 261 1056 scriptae,
286 989 368 1054 quae
390 977 573 1056 congruunt
588 990 659 1038 eum
678 970 775 1038 dictis
790 977 848 1037 aut
864 969 963 1038 iactis
979 969 1134 1054 virorum,
1159 971 1276 1052 quibus

106 1079 261 1146 subditae
285 1085 370 1146 sunt.
417 1079 562 1146 Exstant
585 1096 675 1145 sene.
721 1078 788 1144 Sed
811 1078 883 1159 quis
905 1095 971 1144 nou
993 1077 1085 1145 videt
1106 1077 1181 1144 illas
1205 1095 1278 1143 esse

106 1183 259 1264 exempla
271 1183 351 1250 artis
368 1181 525 1264 epistulas
542 1181 723 1250 familiares
740 1181 916 1266 scribendi,
933 1200 1068 1263 quarum
1083 1191 1277 1264 argumente

107 1295 187 1355 sunt
211 1288 317 1371 petitu
341 1307 382 1355 ex
406 1288 614 1372 pervulgatis
638 1291 880 1369 notissimisque
908 1287 1016 1354 dictis
1030 1296 1087 1355 aut
1109 1288 1207 1355 sectis
1229 1289 1278 1355 vi·

107 1412 231 1474 rorum,
265 1393 380 1476 quibus
414 1394 565 1462 subditae
594 1394 695 1462 sunt?
746 1393 919 1476 Epistulae
949 1399 1059 1459 eutem
1090 1411 1131 1459 ex
1161 1393 1277 1474 quibus

108 1501 306 1568 Plutarchus
330 1498 503 1582 excerpsit,
528 1518 590 1566 non
615 1499 768 1568 universe
792 1517 898 1580 neque
928 1500 970 1566 de
999 1499 1188 1582 notissimis,
1220 1499 1279 1564 sod

108 1608 148 1671 de
173 1605 275 1672 certis
299 1625 477 1689 perumque
502 1606 589 1672 uotis
612 1609 710 1672 rebus
727 1605 870 1688 scriptae
893 1603 995 1672 fuisse
1009 1604 1175 1687 ridentur,
1200 1623 1278 1670 non·

109 1730 276 1792 nunquam
300 1714 343 1778 ad
366 1712 514 1778 homiues
544 1731 660 1795 parum
690 1719 785 1777 notos
818 1712 917 1777 datae
948 1723 1006 1776 aut
1037 1729 1057 1775 a
1084 1710 1206 1777 talibus
1237 1711 1278 1775 ad

108 1818 336 1884 Alexandrum
360 1817 489 1901 missae,
515 1817 695 1901 cujusmodi
711 1835 817 1897 neque
839 1835 894 1883 res
917 1834 1023 1897 neque
1038 1816 1184 1882 homines
1208 1819 1279 1882 sine

108 1924 225 1990 labore
256 1923 402 2004 conquiri
436 1928 599 2006 poterant.
653 1924 832 1989 Praeterea
862 1924 903 1987 de
933 1921 1069 2004 singulis
1099 1921 1279 1988 Alexandri

109 2029 292 2095 virtutibus
323 2031 470 2113 singulas
503 2029 661 2112 epistulas
691 2030 787 2095 fictas
826 2046 898 2094 asse
935 2033 969 2093 et
998 2027 1211 2094 Plutarchum
1245 2027 1279 2094 iu

111 2135 347 2202 consuetudine
370 2135 553 2202 Alexandri
576 2143 610 2202 et
632 2135 776 2201 moribus
798 2133 1019 2216 exprimendis
1043 2152 1098 2200 eas
1122 2135 1216 2214 quasi
1240 2151 1280 2198 ex

112 2242 269 2307 thesauro
294 2243 432 2321 quodem
458 2242 537 2307 date
567 2241 737 2308 occasione
768 2239 1020 2322 deprompsisse·
1035 2238 1280 2319 narrationique

113 2345 303 2430 inseruisse,
329 2351 388 2413 eut
410 2347 461 2429 iis,
494 2365 577 2427 quae
607 2346 646 2412 de
669 2346 851 2412 Alexandri
878 2346 949 2413 vita
984 2347 1073 2427 apud
1104 2343 1281 2428 scriptores

112 2453 253 2536 legerat,
277 2454 337 2519 hes
362 2453 517 2535 epistulas
541 2453 812 2533 accommodasse,
837 2457 873 2517 ut
888 2451 929 2517 iis
944 2452 1042 2517 fidem
1057 2449 1195 2535 faceret,
1219 2469 1281 2517 nec

113 2557 315 2625 verisimile
346 2563 397 2625 est
426 2577 488 2624 uec
518 2558 616 2626 facile
645 2557 718 2622 lieri
749 2565 888 2640 poteret.
936 2555 1045 2640 Quare
1076 2574 1139 2622 non
1169 2557 1281 2621 dubito

115 2663 189 2744 quin
208 2681 319 2729 omues
335 2663 397 2731 hae
414 2663 575 2746 epistulae
590 2682 691 2732 verae
708 2662 775 2728 sint
791 2671 825 2728 et
841 2681 881 2728 ex
898 2664 1011 2728 eodem
1027 2660 1117 2728 fonte
1132 2661 1281 2743 haustae,

115 2789 152 2836 ex
176 2787 242 2851 quo
273 2769 489 2852 narrationes,
521 2772 564 2837 ad
594 2787 676 2852 quas
706 2769 882 2852 adJuuctae
914 2775 1000 2848 sunt,
1032 2769 1209 2850 praecipue
1240 2785 1281 2832 ex

116 2875 267 2941 Charetis
290 2873 384 2958 libro,
408 2875 442 2941 id
467 2876 552 2956 quod
576 2875 666 2942 iufra
693 2873 774 2956 ipsis
802 2872 952 2957 epistulis
984 2873 1138 2955 expositis
1169 2874 1282 2940 confir-

114 2999 203 3048 mare
227 2981 379 3046 conabor.
1145 2975 1147 2979 ’

205 3088 298 3153 Haec
321 3084 473 3154 universe
498 3089 538 3152 de
561 3085 779 3155 familiaribus
800 3085 982 3153 Alexandri
1005 3084 1155 3166 epistulis
1178 3085 1285 3151 dioen-

117 3194 156 3258 da
179 3192 458 3275 disputationique
489 3195 529 3259 de
554 3194 765 3276 epistularum
796 3191 943 3258 fontibus
966 3191 1172 3274 adjungenda
1194 3190 1284 3258 vide·

117 3299 247 3366 bantur.
301 3297 392 3380 Quae
424 3297 601 3379 disputatio
639 3299 666 3364 si
696 3296 782 3363 forte
813 3296 912 3379 louge
943 3301 1001 3362 aut
1038 3312 1285 3378 supervacanea

117 3405 281 3483 videatur,
311 3404 552 3486 respiciendum
583 3412 634 3469 est
658 3423 728 3469 rem
755 3403 864 3468 adhuc
887 3402 1027 3468 nondum
1058 3403 1100 3468 ed
1127 3401 1283 3481 liquidnm

119 3512 311 3591 perductam
334 3528 423 3577 esse:
454 3528 617 3575 memnon
647 3509 725 3574 nulli
751 3507 816 3575 viri
846 3509 936 3575 docti
960 3526 1001 3573 ex
1032 3506 1131 3573 certis
1155 3506 1284 3588 quibus-

118 3618 190 3682 dem
213 3615 430 3698 scriptoribus
453 3622 560 3682 certas
583 3614 739 3696 epistulas
756 3616 965 3696 depromptas
989 3631 1060 3680 esse
1082 3611 1131 3678 illi
1154 3611 1284 3693 quidem

119 3729 331 3804 censueruut;
362 3721 420 3785 sed
450 3719 556 3802 prius,
590 3738 662 3785 mee
694 3720 821 3800 quidem
853 3717 1034 3796 sententia,
1067 3714 1286 3783 demonstrari

119 3830 301 3911 oportebat,
324 3825 397 3892 illos
422 3845 530 3893 rerum
555 3825 734 3907 scriptores
764 3823 853 3892 veris
876 3821 1060 3890 Alexandri
1083 3821 1285 3902 aliorumque

120 3935 268 4014 epistulis
291 3933 338 3998 uti
362 3931 508 4015 potuisse
534 3950 654 4012 easque
671 3931 848 3998 memoriae
871 3929 1064 4011 prodidisse,
1089 3929 1285 4010 praesertim

121 4037 336 4104 nominarint
364 4035 430 4103 viri
453 4036 551 4116 docti,
583 4054 718 4118 qnorum
743 4034 924 4103 auotoritas
952 4035 1037 4100 haud
1068 4032 1202 4099 minima
1225 4038 1284 4115 est,

121 4144 173 4223 qui
197 4146 238 4210 de
261 4145 324 4209 hac
347 4164 385 4211 re
409 4143 607 4211 dubitarent.
653 4145 749 4210 Nunc
772 4148 881 4209 autem
906 4140 1058 4222 quoniam
1082 4140 1286 4223 argumentis
