3016 4612
759 107 802 176 38

193 303 381 372 Alexander
405 302 551 371 vidisset.
598 302 689 369 Idem
713 303 880 386 colligitur
904 323 945 371 cx
967 305 1115 389 Apionis,
1139 307 1196 388 qni
1225 310 1377 371 Πλειστο-

193 414 286 488 uuam
315 409 503 492 appellatus
531 414 595 491 est,
631 409 756 489 verbis,
792 411 849 490 qui
871 411 959 491 apud
983 411 1122 479 GellIum
1146 409 1199 498 (N.
1224 415 1263 479 A.
1288 414 1371 498 VII,

192 516 261 602 83)
286 518 327 582 de
349 516 538 582 Alexandro
561 515 671 596 ,Vlcli‘
693 515 802 596 iuquit
825 518 933 600 ,λοιίιε
953 539 1100 596 ιιαοιεοι,
1135 521 1219 602 focis
1244 521 1373 586 νεολαία

192 624 365 706 mulierem,
394 626 492 688 νείαίί
513 627 550 688 ta
572 628 773 705 conspectum
794 645 889 690 οαιινα
914 626 1035 704 deducu
1060 633 1096 691 at
1118 645 1189 692 εαενι
1203 648 1243 692 οε
1265 629 1374 694 eroum

192 731 319 812 ριαίεια
339 733 409 796 sais
432 731 632 814 coatiaperet‘
664 728 705 795 of.
735 728 835 796 etiam
858 731 949 796 Plut.
978 732 1020 796 de
1052 732 1196 798 euriosit.
1220 729 1306 797 522Α
1331 737 1368 798 et

191 834 250 904 vit.
275 835 368 902 Alex.
393 835 476 903 XXI
500 841 534 902 et
556 836 721 902 Athenaei
744 837 841 920 XIII,
875 835 927 916 80,
955 835 1050 903 6030.
1098 838 1191 921 Quae
1221 844 1367 906 comita

192 941 267 1025 sint,
291 960 356 1008 uon
372 941 483 1008 dubito
500 941 579 1023 quin
594 941 734 1023 epistula
751 961 831 1009 vera
846 942 906 1009 sit:
923 943 1094 1011 Falsarius
1110 951 1220 1012 autem
1234 945 1369 1012 mamm

191 1049 355 1130 putandus
394 1048 438 1115 sit
471 1047 655 1114 Ptolemaei
688 1047 935 1130 Aristobulique
971 1050 1073 1116 libros
1104 1050 1280 1133 diligenter
1314 1053 1365 1118 la·

190 1153 291 1237 gisae,
323 1159 523 1220 tamennon
554 1159 605 1220 est
627 1154 852 1233 dubitandum,
883 1155 962 1236 quin
984 1155 1019 1222 in
1049 1157 1272 1238 componenda
1294 1161 1366 1239 epi·

190 1261 279 1325 stula
301 1278 367 1326 non
388 1278 446 1326 eos
468 1268 601 1326 secutus
626 1266 722 1340 esset,
749 1260 804 1341 qui
826 1262 950 1327 nullam
974 1262 1071 1345 hujus
1094 1263 1143 1330 rei
1165 1261 1366 1330 mentionem

192 1363 351 1448 lecerunt,
376 1365 533 1444 sedilios,
560 1364 614 1445 qui
636 1364 852 1431 affirmabant
866 1366 1092 1434 Alexandrum
1108 1369 1213 1436 Darei
1228 1389 1365 1438 uxorem

191 1471 328 1538 vidisse.

280 1579 504 1646 Alexandrum
535 1580 577 1644 ab
608 1578 788 1644 ArIstotele
820 1578 980 1646 imbutum
1019 1599 1092 1647 esse
1126 1587 1200 1649 arte
1235 1582 1367 1648 medica

191 1685 319 1768 munga
340 1686 538 1752 Plutarchus
562 1705 603 1752 eu
627 1685 775 1769 epistulis
799 1685 868 1766 ejus
891 1685 950 1753 vit.
973 1687 1067 1754 Aleu.
1093 1677 1186 1753 VIII.

351 1795 443 1853 Δοκεῖ
461 1789 493 1854 δέ
516 1816 565 1870 μοι
588 1796 637 1854 καὶ
660 1790 695 1854 τὸ
717 1795 879 1871 φιλιατρεῖν
905 1791 1086 1875 Ἀλεξάνδρῳ
1114 1797 1367 1876 προστρίψασθαι

350 1901 459 1975 μᾶλλον
480 1899 586 1980 λείριον
604 1898 811 1980 Ἀριστοτέλης.
860 1901 903 1962 Οὐ
938 1897 994 1981 γαρ
1028 1899 1117 1978 μόνον
1150 1899 1200 1980 τὴν
1233 1905 1369 1980 θεωρίαν

351 2002 507 2085 ἠγάπησεν,
533 2002 607 2065 ἄλλο’
629 2007 681 2065 καὶ
704 2015 837 2067 νοσοῦσιν
859 2002 979 2086 ἐβοήθει
1002 2019 1063 2078 τοῖς
1085 2009 1181 2085 φίλοις
1204 2009 1254 2067 ναὶ
1282 2007 1365 2068 σννέ-

351 2131 436 2170 τοιττο
459 2112 624 2190 θεραπείας
645 2108 724 2180 τινας
756 2113 805 2172 aui
839 2114 953 2184 διαίτας
986 2116 1023 2182 ὡς
1057 2117 1088 2174 da
1117 2122 1172 2174 τῶν
1206 2115 1368 2175 ἐπιστολῶν

351 2218 449 2296 λαβιῖν
470 2213 559 2281 ἔστιν.

190 2324 368 2389 Numerum
391 2321 551 2404 pluralem
574 2331 629 2386 ror
653 2322 808 2386 ἐπιστολῶν
830 2342 895 2390 uon
920 2323 1079 2405 epistulas
1104 2323 1271 2404 collectas,
1301 2327 1364 2390 sed

191 2445 295 2510 genus
310 2428 533 2512 epistularum,
556 2430 661 2495 idest
683 2430 843 2512 epistulas
868 2431 980 2496 eodem
1005 2430 1152 2512 exemplo
1176 2429 1366 2514 significare

190 2535 324 2621 supra1)
348 2535 426 2601 dixi
473 2535 513 2600 In
535 2535 597 2601 hoc
620 2553 742 2618 genere
771 2543 823 2600 est
846 2536 988 2618 epistula
1010 2537 1056 2602 ad
1077 2538 1275 2604 Pausaniam
1298 2556 1368 2604 me·

190 2641 296 2708 dicum
319 2642 407 2708 Plut.
432 2641 492 2710 vit.
515 2641 609 2708 Alex.
631 2641 723 2707 XLI.

344 2762 478 2847 Ἔγραψε
502 2767 533 2826 dd
557 2769 606 2826 καὶ
629 2769 789 2842 Παυσανίᾳ
805 2775 846 2842 τῷ
866 2771 956 2845 ἰατρῷ
963 2767 1130 2846 βουλομένῳ
1143 2765 1194 2828 τὸν
1207 2765 1367 2850 Κρατερὸν

355 2873 543 2952 ἐλλεβορίσαι,
567 2869 605 2932 τα“
628 2873 680 2950 peda
703 2872 840 2953 ἀγωνιῶν,
869 2870 908 2934 τοὶ
942 2874 973 2933 ol
1004 2883 1159 2952 παραινῶν,
1192 2870 1271 2944 ὅπως
1299 2871 1365 2955 χρὴ·

351 2999 432 3039 σεται
454 2988 488 3056 τῇ
513 2981 694 3057 φαρμακείᾳ.

190 3083 283 3166 Quae
306 3083 340 3148 in
364 3084 503 3165 epistula
525 3083 653 3167 copIose
669 3082 822 3166 exposita
845 3089 941 3149 erant
955 3085 1152 3151 Plutarchus
1167 3085 1364 3154 brevissime

189 3187 315 3254 verbis:
339 3186 377 3249 τὰ
399 3191 450 3267 μιν
475 3185 609 3271 ἀγωνιῶν,
632 3187 670 3250 τὰ
694 3189 724 3250 cl
748 3199 897 3270 παραινῶν
913 3189 1086 3272 expressit.
1134 3191 1363 3258 Alexandrum

190 3301 300 3360 autem
338 3295 399 3361 tali
434 3296 582 3377 exemplo
615 3294 773 3378 epistulas
806 3296 950 3364 seruere
985 3295 1132 3378 potuisse
1161 3295 1361 3380 perspicitur

191 3419 233 3467 ex
267 3401 401 3468 Diodori
436 3402 545 3484 XVII,
593 3401 708 3486 103,8;
750 3401 877 3468 Justini
910 3403 989 3486 XII,
1027 3401 1119 3486 10,3;
1158 3403 1263 3470 Curtii
1297 3404 1359 3486 IX,

190 3504 346 3590 VHI‚33;
371 3508 488 3589 quihus
511 3509 592 3575 locis
612 3507 749 3590 legimus
765 3508 807 3573 ab
824 3527 863 3574 eo
879 3517 1031 3575 sanatum
1048 3527 1122 3575 esse
1137 3510 1360 3576 Ptolemaeum

189 3612 336 3694 aliosque
359 3614 558 3696 vulneratos,
584 3631 780 3695 quamquam
796 3613 944 3680 narratio
968 3615 1090 3682 lahuhs
1112 3620 1275 3682 exornata
1298 3621 1358 3680 est.

190 3719 311 3802 Quodsi
334 3720 522 3786 Alexander
546 3721 676 3787 sodales
699 3721 890 3789 vulneratos
913 3721 1056 3800 sanavit,
1079 3739 1145 3786 non
1169 3728 1220 3788 est
1242 3721 1359 3786 mIrun

189 3825 351 3892 cumillis
379 3825 534 3907 epistulas
566 3825 704 3912 misisse,
737 3825 853 3908 quibus
882 3831 1060 3910 praecepta
1091 3825 1253 3894 salutaria
1285 3845 1358 3894 con-

189 3932 391 4000 tinebantun

281 4145 303 4212 ¹)
322 4161 345 4212 p.
366 4147 408 4200 23.
