3016 4612
782 61 826 128 70

223 261 354 345 quidem
379 268 411 329 et
435 269 571 330 wveteres
603 259 794 327 Aristotelis
826 261 1097 324 commentatores
1126 265 1159 321 et
1190 257 1400 324 recentiores

223 367 353 451 quidam
377 368 443 435 riri
466 369 556 434 docti
578 365 679 432 libros
702 363 891 432 Aristotelis
913 363 948 429 in
972 381 1096 446 genera
1111 364 1184 440 duo,
1207 369 1245 428 nt
1267 360 1403 444 species

221 494 332 542 eorum
357 475 515 556 omittam,
552 491 688 553 quorum
723 471 862 538 alterum
897 465 1131 550 ἀκροαματικοὺς
1166 469 1308 534 alterum
1335 467 1404 540 ue

221 579 350 661 αορικοὺς
371 577 472 662 λόγους
495 579 755 662 appellaverunt,
781 576 839 641 sed
865 575 961 658 hujus
986 573 1240 658 distinctionis1)
1263 573 1300 640 in
1322 571 1404 640 Ari-

222 685 350 754 stotelis
373 684 476 764 libris,
501 682 557 764 qui
580 687 765 766 supersunt,
789 679 967 762 vestigium
986 679 1110 746 nudum
1131 679 1300 748 invenitur
1327 698 1405 748 ver·

222 795 329 872 baque
354 791 564 869 dupoopacuot
595 785 672 869 λόγοι
702 806 744 853 ne
773 787 930 868 leguntur
959 784 1090 866 quidem
1131 785 1166 851 111
1202 785 1257 868 111;
1284 783 1405 854 verbis

222 905 334 966 autem
362 897 520 976 ἐξοοοορικοὶ
555 895 632 976 λόγοι
669 892 819 977 proprios
852 890 1041 958 Aristotelis
1075 890 1177 958 libros
1213 890 1408 975 significari

222 1000 396 1088 Dielsius2)
427 1009 539 1084 negat.
586 1001 758 1083 Epistulae
793 998 904 1082 igitur,
941 996 1057 1078 quium
1093 1005 1127 1064 et
1162 998 1333 1066 1111111110
1372 1005 1407 1064 et

223 1112 327 1179 verbe
351 1111 392 1176 ab
416 1107 595 1174 Aristotele
618 1124 753 1189 prorsus
777 1105 886 1172 aliena
910 1105 1131 1186 continentur,
1164 1123 1230 1170 non
1257 1113 1342 1171 sunt
1367 1103 1405 1172 in

224 1216 313 1284 veris
344 1217 529 1300 ponendae.
592 1214 774 1278 Praeterea
790 1291 792 1295 Ι
810 1211 1041 1295 Alexandrum,
1079 1209 1134 1291 qui
1168 1210 1319 1278 homines
1363 1211 1407 1278 de

226 1327 300 1388 arte
321 1320 510 1400 litterisque
544 1319 679 1386 meritos
710 1317 894 1400 honoravit,
927 1322 1027 1396 atque
1050 1317 1093 1382 ad
1115 1316 1272 1384 virtutem
1314 1315 1407 1382 exci-

224 1425 321 1506 tavit,
346 1445 451 1508 neque
476 1444 614 1506 unquam
638 1425 791 1492 leudibus
808 1441 918 1490 eorum
936 1421 1094 1509 innuite)
1117 1423 1190 1491 veri
1212 1422 1322 1488 simile
1336 1441 1408 1490 non

225 1540 276 1600 est
299 1533 381 1600 alios
404 1553 424 1598 a
448 1531 652 1615 philosophia
676 1533 852 1597 remotiore
881 1529 1097 1612 prohibuisse,
1122 1537 1160 1595 ut
1182 1527 1328 1594 scientia
1354 1547 1407 1595 oe-

224 1639 306 1706 11Γί8
336 1647 533 1722 praestaret,
543 1640 568 1723 4)
597 1646 655 1706 aut
685 1638 754 1699 καθ’
779 1635 828 1708 οὓς
852 1633 1066 1714 ἐπαιδεύθημεν
1088 1635 1188 1716 λόγους
1215 1635 1405 1718 scripsisse,

227 1765 300 1812 cum
321 1745 356 1810 111
366 1743 555 1812 interiorem
567 1743 806 1827 philosophiam
820 1741 1027 1808 introductus
1044 1759 1116 1808 esse
1131 1759 1197 1808 non
1207 1741 1407 1829 vineatore)

226 1851 322 1918 Haec
345 1853 386 1918 dc
409 1849 592 1916 Alexandri
614 1852 656 1918 ad
679 1848 889 1916 Aristotelem
914 1847 1065 1930 epistula.

317 2063 338 2131 ¹)
357 2062 451 2120 Libros
464 2061 613 2116 Aristotelis
626 2062 694 2116 inter
712 2077 741 2114 se
759 2061 895 2114 distinctos
909 2075 968 2114 esee
987 2060 1020 2113 ab
1031 2060 1144 2114 Adrasto
1165 2069 1191 2112 et
1206 2059 1314 2127 exejus
1337 2059 1407 2113 libro

227 2151 385 2220 posteriores
399 2151 592 2219 deprompsisse
605 2149 711 2218 conjicit
722 2149 835 2202 Brandis
850 2149 969 2217 (Aristot.
985 2148 1058 2202 seina
1071 2149 1143 2204 acad.
1159 2148 1240 2216 Zeitg.
1258 2148 1281 2215 Ι,
1296 2165 1324 2216 p.
1332 2148 1406 2218 105.)
1497 2221 1498 2232 ἵ

228 2239 261 2292 of.
281 2239 361 2294 etiem
380 2239 459 2292 Heitz
480 2239 541 2305 (Die
560 2238 654 2294 verior.
673 2237 806 2291 Schriften
824 2238 870 2291 des
890 2236 970 2291 Arist.
989 2253 1015 2305 p.
1034 2237 1090 2306 26.)

318 2327 338 2396 ²)
357 2327 506 2395 Sitzungsb.
525 2328 550 2381 d.
569 2327 639 2380 Berl.
660 2326 738 2380 Aced.
764 2325 832 2382 1888
852 2343 876 2395 p.
900 2326 954 2382 477
972 2340 1029 2393 sqq.
1069 2325 1108 2380 Of.
1133 2326 1212 2379 etiam
1230 2325 1407 2378 Eustathium

228 2416 257 2469 in
274 2415 334 2469 Eth.
365 2415 468 2470 Nicom.
488 2416 534 2483 VI,
553 2416 578 2484 4,
600 2415 802 2483 1140111198
821 2415 861 2468 ed.
880 2413 1008 2482 Heylbut.
1034 2413 1119 2467 Aliter
1137 2430 1168 2468 ac
1179 2412 1296 2467 Dielsius
1315 2417 1407 2468 statu·

229 2508 307 2558 erunt
325 2503 416 2572 Zeller‚
440 2503 499 2572 (Die
517 2502 616 2558 Philas.
635 2504 682 2557 der
707 2502 811 2556 Griech.
832 2503 849 2556 3
867 2502 938 2556 Aufl.
959 2501 994 2569 Π,
1019 2501 1035 2554 2
1053 2518 1079 2570 p.
1104 2501 1155 2556 118
1174 2517 1231 2570 sqq.
1256 2504 1330 2571 etp.
1355 2505 1407 2560 119
1497 2509 1498 2512 ’

228 2592 287 2644 adn.
306 2591 336 2661 2)
355 2595 382 2646 et
400 2592 446 2662 qui
464 2590 593 2646 Zellerum
613 2589 711 2644 refellit
728 2593 856 2658 Bernays
878 2589 941 2658 (Die
953 2588 1063 2657 Dialoge
1076 2590 1122 2643 des
1135 2589 1215 2642 Arist.
1227 2587 1320 2644 Berlin
1333 2590 1407 2644 1863

246 2681 338 2734 ,291
376 2724 382 2737 .

227 2697 244 2749 p
319 2683 404 2838 1117111
433 2786 500 2838 quae
526 2771 596 2838 apud
625 2769 766 2824 Aelianum
790 2773 827 2840 (v.
851 2770 912 2824 hist.
936 2771 999 2838 ΧΠ,
1030 2771 1073 2838 16)
1100 2769 1231 2839 leguntur,
1259 2769 1407 2826 manifesto
1497 2835 1498 2860 1

230 2857 333 2910 somnia
351 2861 422 2914 sunt.

316 2946 338 3014 ⁴)
357 2946 515 3000 Plutarchus
541 2947 597 3016 (vit.
617 2947 696 3002 Alex.
715 2948 765 3015 IV)
790 2947 902 3001 fortasse
925 2949 997 3001 recte
1021 2947 1085 3000 dicit
1109 2948 1142 3002 de
1160 2947 1313 3002 Alexandro
1338 2947 1407 3002 Ob'cc
1497 3017 1498 3022 ἵ

226 3033 283 3086 dach
301 3035 400 3090 παντὸς
418 3031 476 3086 οὔτε
494 3035 584 3087 πᾶσαν
602 3032 694 3104 ἠγάπα
713 3027 801 3096 δόξαν,
825 3037 859 3092 ὥς
877 3032 1007 3090 Φίλιππος
1025 3033 1102 3103 λόγου
1126 3055 1154 3086 τε
1180 3032 1305 3102 δεινότητι
1324 3057 1406 3106 σοφι·

230 3122 321 3178 οτικῶς
338 3122 572 3192 καλλωπιζόμενος.

319 3212 339 3281 ⁵)
359 3211 485 3266 Conferat
504 3211 594 3266 Zeller
612 3212 671 3280 (Die
689 3211 787 3268 Philoe.
807 3212 831 3265 d.
853 3211 957 3266 Griech.
976 3213 993 3265 3
1011 3212 1083 3266 Aufl.
1101 3211 1135 3281 Π,
1155 3213 1171 3266 2
1190 3229 1215 3281 p.
1229 3212 1264 3267 23
1283 3213 1347 3266 adn.
1370 3216 1405 3283 4).

229 3301 412 3356 Alexandrum
440 3300 473 3354 ab
496 3299 636 3354 Aristotele
664 3300 692 3352 in
719 3299 911 3368 philosophiam
940 3301 1108 3354 remotiorem
1134 3300 1313 3354 introductum
1343 3317 1405 3355 esse

229 3390 312 3443 credit
329 3389 402 3444 ditae
421 3389 494 3458 (ibid.
513 3406 537 3458 p.
558 3389 660 3456 77111.)
680 3390 707 3441 et
725 3387 804 3441 Stahr
830 3388 902 3456 (ibid.
920 3390 935 3443 Ι
953 3405 978 3458 p.
998 3389 1041 3454 95)
1062 3391 1089 3442 et
1107 3388 1193 3457 Hegel
1212 3388 1282 3458 (ibid.
1301 3405 1327 3458 p,
1351 3389 1405 3458 11.)

229 3479 262 3534 cf.
282 3477 361 3531 etiam
381 3478 465 3544 (ieter,
489 3476 565 3533 Alex.
585 3477 640 3528 und
660 3476 739 3529 Arist.
758 3493 783 3545 p.
805 3479 865 3534 105.
902 3477 1068 3545 Plutarchus
1094 3478 1139 3546 qui
1157 3493 1226 3530 nnus
1244 3477 1294 3530 hoc
1313 3479 1404 3542 tradit,

229 3584 282 3621 non
300 3567 352 3621 alio
370 3566 518 3620 testimonio
537 3564 637 3626 nititur,
657 3565 708 3617 nisi
727 3564 838 3634 epistula
856 3567 967 3635 subdita
987 3567 1034 3621 sed
1053 3567 1109 3635 ipse
1128 3582 1233 3636 quoque
1252 3567 1284 3619 de
1303 3565 1356 3620 hac
1377 3583 1404 3620 re

229 3657 348 3710 dubitare
367 3654 478 3722 videtur,
508 3669 569 3706 oum
587 3653 650 3706 dicit
663 3650 747 3705 Ἔοικα
772 3650 800 3706 δὲ
817 3651 984 3726 Ἀλέξανδρος
1002 3654 1055 3709 κτλ.
1093 3655 1132 3710 Of.
1152 3656 1233 3709 etiam
1250 3655 1404 3710 Aristotelis

229 3745 319 3812 verba,
345 3759 413 3812 quae
436 3743 513 3796 effert
530 3742 697 3812 themistius,
721 3745 785 3797 orat.
805 3743 879 3804 vnn,
904 3743 973 3799 lotd
993 3741 1147 3811 φιλοσοφεῖν
1169 3743 1218 3812 μὲν
1235 3741 1272 3808 τῷ
1290 3742 1403 3812 βασιλεῖ,

230 3831 277 3898 οὐχ
295 3825 363 3888 ὅπως
381 3830 526 3899 ἀναγκαῖον
545 3825 615 3882 εἶναι
632 3831 739 3898 φάσκων
761 3829 970 3901 (Ἀριστοτέλης),
988 3829 1056 3884 ἀλλὰ
1074 3837 1119 3884 καὶ
1144 3827 1275 3900 ἐμποδών,
1296 3832 1405 3886 ocanni

230 3920 277 3974 tihi
294 3921 407 3974 fortasse
425 3920 471 3972 aut
488 3918 550 3972 ficta
568 3920 614 3971 aut
628 3934 689 3970 cum
706 3917 739 3970 iis
757 3919 905 3988 discrepare
917 3919 1047 3987 videntum
1067 3936 1134 3988 quae
1154 3920 1186 3974 de
1199 3919 1352 3974 Aristotelis
1371 3923 1422 3996 ad¹

229 4007 414 4062 Themisonem
431 4007 589 4076 protreptioo
608 4007 678 4060 Zeno
702 4008 772 4061 teste
790 4007 879 4062 delete
902 4009 971 4076 apud
990 4007 1141 4077 Stobaeum,
1164 4007 1288 4077 Florilcg.
1308 4009 1353 4079 95,
1370 4011 1402 4063 21

229 4097 342 4152 tradidit.
