3008 4614
573 138 784 242 *uae*

253 335 330 401 alim
380 333 443 401 sibi
488 353 560 404 esse
610 341 777 416 suspectos
826 336 942 403 matris
996 353 1075 404 suae
1128 336 1260 422 litteris,

254 439 370 522 quibus
403 447 497 510 esset
535 442 739 524 admonitus,
774 447 812 508 ut
842 442 882 508 ab
916 441 968 510 hia
998 445 1136 510 salutern
1171 461 1260 510 suam

253 552 412 614 tueretur.

92 669 197 736 Teste
227 667 341 736 Curtia
373 669 494 739 ibidem
518 671 543 755 I,
568 668 589 736 5
613 672 772 754 Amyntas
796 670 847 737 sui
869 671 1033 756 purgandi
1056 691 1156 742 eausa
1179 674 1262 740 dixit

91 775 323 858 Olympiadem
352 773 404 843 ira
435 783 626 845 commotam
655 779 741 844 hane
771 777 942 861 scripsisse
965 777 1139 860 epistulam
1161 788 1261 861 atque

91 881 165 949 ideo
189 881 308 950 iratam
331 881 443 967 inisse,
468 885 554 967 quod
576 883 647 967 ipse
671 903 742 951 eum
766 885 809 950 ab
824 885 1014 952 Alexandro
1030 885 1148 956 missus
1163 897 1260 969 esset,

93 993 132 1052 ut
155 1007 173 1055 e
195 989 390 1061 Macedonia
411 990 532 1058 milites
555 992 586 1058 in
611 989 727 1058 Asiam
750 992 958 1076 perduceret,
993 993 1091 1060 etiam
1111 995 1261 1078 juvenes,

91 1094 149 1174 qui
182 1096 217 1160 in
252 1096 383 1163 demum
418 1096 622 1181 Olympiadis
656 1097 763 1164 abditi
794 1104 913 1178 essent,
949 1083 1027 1166 inde
1059 1100 1261 1166 abduxisset.

92 1200 185 1267 Haec
208 1203 379 1287 Amyntas,
404 1203 460 1286 qui
482 1209 568 1272 teste
592 1203 705 1271 Curtio
729 1204 786 1289 IV,
811 1205 870 1288 VI,
894 1205 936 1270 28
960 1210 1033 1288 post
1056 1207 1179 1274 Gazam
1208 1225 1262 1272 ex-

92 1313 282 1392 pugnatam,
307 1327 379 1377 eam
402 1311 594 1377 Alexander
616 1315 804 1394 Aegyptum
820 1303 914 1379 adira
929 1311 1120 1396 festinabat,
1144 1313 1262 1378 missus

93 1420 144 1480 est
166 1415 202 1480 in
224 1416 450 1484 Macedoniam
472 1419 517 1486 ad
538 1423 689 1486 retentes
712 1415 834 1485 milites
858 1419 1119 1503 conscribendos,
1152 1437 1262 1500 qnam-

91 1522 205 1587 0brem
235 1540 366 1605 pugnae
389 1524 432 1590 ad
455 1523 660 1607 Gaugamela
684 1523 796 1590 factae
818 1543 883 1590 nen
907 1523 1067 1595 interfuit.
1080 1525 1105 1611 ¹)
1150 1525 1263 1592 Rediit

92 1632 205 1695 autem
228 1634 287 1695 aut
310 1628 367 1695 ille
391 1635 547 1715 tempore,
573 1648 636 1712 que
659 1630 848 1698 Alexander
872 1631 1042 1714 Babylone
1071 1632 1263 1699 morabatur

92 1729 197 1817 (Cart.
222 1735 262 1818 V,
286 1737 313 1813 I,
338 1733 372 1823 6)
394 1744 452 1802 aut
474 1737 571 1819 paule
595 1743 669 1820 post
692 1734 781 1821 (Arr.
805 1736 867 1815 III,
892 1733 1025 1824 16‚10.).
1075 1736 1167 1819 Quae
1190 1756 1262 1805 eum

92 1839 140 1906 ita
175 1840 258 1916 sint,
293 1844 323 1909 si
353 1841 523 1926 Amyntae
553 1843 666 1912 verbis
704 1843 787 1909 fides
820 1843 972 1910 habenda
1006 1847 1071 1923 est,
1102 1843 1138 1910 id
1161 1848 1212 1911 est
1234 1843 1263 1910 si

92 1946 264 2032 Olympias
287 1948 338 2016 ire
361 1957 523 2019 commota
545 1952 631 2016 hane
653 1951 828 2033 epistulam
852 1950 994 2034 seripsit,
1019 1959 1157 2033 apparet
1176 1952 1263 2017 hane

93 2054 270 2136 epistulam
307 2074 372 2124 nen
411 2075 485 2124 esse
524 2058 661 2124 eandem
695 2063 795 2138 atque
829 2055 935 2142 illam,
969 2075 1069 2139 quam
1100 2056 1262 2131 Diodorus

92 2167 269 2229 memorat:
292 2161 351 2230 illa
375 2163 470 2245 enim,
495 2169 532 2230 nt
555 2161 749 2247 supradixi,
774 2164 855 2230 data
877 2169 929 2230 est
951 2172 1030 2230 ante
1052 2182 1195 2248 pugnem
1219 2163 1262 2230 ad

92 2268 199 2334 issum
221 2271 358 2352 faetam3
382 2271 475 2354 haee,
499 2270 651 2353 queniam
674 2279 752 2337 ante
768 2271 893 2338 Gazam
917 2277 1138 2355 expugnatam
1164 2269 1264 2337 seribi

92 2394 158 2443 nen
180 2381 320 2461 poterat,
344 2377 475 2445 reddita
498 2383 549 2444 est
571 2377 762 2444 Alexandro
777 2383 836 2444 aut
851 2396 923 2445 enm
939 2379 974 2444 in
990 2374 1143 2462 Aegypte
1160 2395 1264 2444 mora·

93 2483 200 2560 batur,
225 2501 326 2563 quare
348 2484 535 2550 Alexander
560 2484 642 2551 dixit
665 2503 738 2550 eam
761 2484 824 2550 sibi
849 2485 965 2566 „oldffl
988 2484 1151 2559 redditam
1180 2500 1263 2566 esse,

92 2594 150 2654 aut
173 2594 343 2670 postquam
369 2607 411 2655 ex
433 2591 587 2674 Aegypte
610 2589 717 2658 rediit.
763 2592 953 2671 Praeterea,
979 2609 1050 2657 eum
1065 2595 1201 2656 matrem
1222 2589 1262 2654 de

94 2692 153 2760 filii
176 2695 283 2761 salute
305 2694 439 2762 anxiam
461 2697 592 2777 saepius
615 2695 700 2762 tales
724 2694 883 2778 epistulas
904 2696 948 2762 ad
963 2695 1263 2762 Alexandrum'de-

94 2800 182 2868 disse
221 2808 476 2869 consentaneum
514 2801 575 2883 sit,
615 2799 716 2869 facile
750 2802 904 2878 adducor,
940 2803 979 2868 ut
1013 2801 1143 2868 credam
1177 2801 1264 2868 hane

93 2905 265 2990 epistulam
297 2906 395 2974 aliam
418 2925 490 2974 esse
513 2912 614 2989 atque
636 2906 737 2991 illam,
768 2908 860 2992 eujus
882 2906 1045 2973 Diodorus
1067 2906 1263 2974 mentionem

94 3015 186 3080 feeit.
243 3014 296 3082 De
331 3014 491 3098 epistulae
525 3021 636 3081 antem
670 3015 817 3085 veritate
853 3012 1067 3081 dubitandum
1101 3032 1166 3083 non
1201 3023 1262 3081 est.

94 3123 185 3188 Haec
209 3119 304 3202 enim,
330 3140 414 3202 qnae
436 3120 602 3206 Amyntas
625 3121 719 3206 dixit,
743 3140 808 3189 nen
828 3126 906 3189 sunt
921 3128 1122 3204 ornamenta,
1146 3121 1263 3204 quibus

94 3226 226 3296 Gurtius
260 3228 426 3296 orationes
462 3228 652 3312 distinguit,
687 3231 747 3295 sed
780 3247 851 3313 res,
883 3247 966 3310 quae
1001 3246 1072 3294 enm
1107 3227 1263 3326 memoria

97 3341 290 3419 congruunt.

182 3459 365 3528 Alexandri
388 3461 431 3526 ad
453 3469 591 3527 matrem
609 3460 783 3542 epistulam
799 3476 819 3525 a
834 3459 942 3528 Gellio
959 3459 1135 3526 memoriae
1156 3457 1262 3542 prodi·

11 3581 13 3618 ι
96 3577 172 3650 tam,
194 3567 229 3632 in
254 3584 317 3648 qua
339 3567 395 3632 ille
409 3585 469 3632 rex
485 3573 519 3634 et
534 3565 725 3632 Hammonis
740 3566 825 3634 filius
841 3566 1024 3650 appellatus
1047 3572 1106 3648 est,
1131 3565 1262 3650 supra2)

96 3672 282 3741 memoravi.
327 3674 381 3740 Ad
404 3671 495 3740 illam
518 3671 691 3756 epistulam
714 3672 864 3756 adjungit
880 3671 1006 3740 Gellius
1022 3670 1144 3738 ibidem
1167 3671 1262 3749 XlII,

97 3779 149 3860 4‚2
173 3781 287 3866 verba,
313 3797 397 3862 quae
421 3778 647 3864 Olympiadem
670 3784 747 3846 tune
763 3776 971 3861 rescripsisse
995 3774 1152 3845 traditum
1178 3783 1291 3842 erat·

183 4011 204 4081 ¹)
222 4011 324 4067 mnan.
342 4009 391 4079 ΠΙ,
412 4009 472 4075 llll
500 4006 595 4075 ταὺτησ
612 4003 640 4062 di
659 4007 718 4075 (τῆς
734 4005 842 4072 τάξεως)
860 4007 945 4078 ἡγεῖτο
972 4006 1096 4076 Σιμμίας,
1114 4001 1154 4060 ‘dra
1171 4004 1262 4074 Ἀμύν-

98 4117 141 4156 τας
158 4097 205 4154 ἐπὶ
223 4094 391 4156 Μακεδονίας
409 4095 433 4157 a’s
452 4094 580 4167 ξυλλογὴν
599 4095 721 4168 στρατιᾶς
737 4093 896 4163 ἐσταλμένοι
913 4090 954 4164 ἦν.

184 4188 248 4256 ‘le-
263 4187 311 4242 as,
353 4234 356 4242 ,
447 4217 449 4220 ·
