3008 4614
628 178 669 244 77

21 391 22 428 ι
77 379 168 458 gerat,
192 374 276 440 nihil
299 373 390 441 aliud
423 373 557 454 iudicat,
593 374 656 441 nisi
680 391 716 440 se
746 373 937 440 Alexandro
972 373 1116 456 iniquum
1152 393 1233 442 esse.

21 549 22 560 ,
76 483 131 548 Sed
151 480 230 547 licet
252 486 312 547 aut
333 483 551 547 Anaxarchus
575 491 633 546 aut
656 480 732 546 Cleo
757 481 798 546 de
821 479 944 546 divinis
966 481 1143 548 honoribus
1158 482 1234 548 Ale·

21 613 22 616 ¹
76 588 187 654 xandro
211 585 398 654 tribuendis
422 586 626 667 disseruerit,
651 585 814 653 tamensi
838 585 915 666 quid
938 585 1015 650 fidei
1029 586 1105 652 huic
1119 606 1233 653 narra·

21 719 22 758 3
77 693 153 772 tioni‚
177 713 262 775 quae
286 693 388 760 etiam
415 695 504 775 apud
526 693 739 760 Plutarchum
762 691 833 778 (vit.
855 693 952 759 Alex.
980 692 1072 778 LIV)
1102 692 1233 776 legitur,

21 781 22 858 ἶ
77 802 247 867 babendum
272 809 333 882 est,
356 806 435 866 tunc
457 805 547 866 certe
561 819 625 865 non
639 801 802 882 agebatur
825 799 864 865 de
880 816 928 882 eo,
952 816 1028 863 num
1044 799 1234 864 Alexander

76 906 253 971 iudeorum
275 922 443 971 numerum
467 904 660 970 referendus
685 909 784 994 esset,
818 904 877 970 sed
901 904 941 969 de
965 905 1036 982 hoc,
1060 923 1137 969 uum
1159 907 1234 971 bar·
1295 955 1299 970 ,

21 1019 22 1097 3
77 1012 217 1077 banorum
240 1029 331 1077 more
355 1011 496 1077 salutari
518 1015 702 1092 oporteret,
728 1009 813 1090 quod
839 1008 896 1090 illi,
921 1008 999 1090 quia
1020 1011 1141 1078 seruile
1163 1030 1235 1078 esse

76 1117 246 1199 ridebatur,
270 1116 536 1197 indignabantur.
583 1115 690 1181 Aliter
706 1123 804 1196 atque
827 1114 960 1181 Curtius
982 1133 1050 1180 rem
1068 1117 1233 1199 accepisse

21 1235 22 1304 ξ
76 1222 192 1289 ridetur
222 1222 422 1289 Plutarchus
451 1220 525 1306 (vit.
555 1222 648 1288 Alex.
673 1219 791 1306 XLV),
827 1222 882 1302 qui
917 1220 1080 1307 ἐνεδύσατο,
1115 1222 1232 1304 inquit,

22 1411 23 1428 ¹
76 1331 116 1406 τὴν
135 1326 314 1410 βαρβαρικὴν
336 1325 441 1406 στολὴν
466 1366 507 1374 -
531 1365 576 1376 -—
666 1366 704 1374 -
733 1326 781 1388 εἴτ’
808 1325 956 1407 ἀπόπειρά
986 1351 1029 1398 τις
1052 1333 1151 1406 ὑφεῖτο
1185 1340 1234 1407 τῆς

76 1435 282 1514 προσκυνήσεως
319 1432 390 1513 αὕτη
424 1447 485 1506 τοῖς
519 1432 681 1514 Μακεδόσι,
718 1432 794 1495 κατὰ
828 1431 929 1513 μικρὸν
964 1433 1149 1515 ἀνασχέσθαι
1184 1433 1234 1513 τὴν

22 1565 25 1660 ρ
75 1544 233 1619 ἐκδιαίτησιν
249 1543 340 1602 αὐτοῦ
356 1544 405 1602 καὶ
420 1538 581 1620 μεταβολὴν
597 1538 776 1618 ἐθιζομένοις
786 1540 820 1627 ¹).
845 1541 1044 1607 Plutarchus
1059 1541 1162 1623 igitur
1178 1560 1234 1625 pll-

22 1661 23 1682 ¹
74 1648 156 1712 tabat
182 1645 287 1714 vestis
310 1646 524 1713 mutationem
558 1647 602 1712 ad
638 1644 830 1726 προσκύνησιν
854 1646 987 1728 ducere,
1023 1665 1107 1727 quae
1143 1653 1233 1712 certe

22 1780 29 1817 r
74 1771 128 1819 11011
159 1751 373 1834 consenantia,
405 1754 464 1818 sed
488 1755 661 1831 ἐκδιαίτησις
683 1757 758 1818 erat
792 1759 826 1816 et
857 1750 1016 1832 μεταβολῆς
1040 1752 1234 1834 προσκύνησις

22 1921 26 1973 t
74 1860 147 1925 enim
171 1868 205 1926 et
228 1871 399 1938 προσκυνεῖν
423 1876 486 1924 non
511 1859 615 1924 solum
632 1860 674 1924 de
697 1858 779 1938 deis,
805 1857 979 1924 sedetiam
996 1858 1232 1925 dehominibus

22 1992 28 2082 ρ
74 1964 150 2032 inter
171 1985 207 2033 se
230 1964 451 2032 salutantibus
475 1961 688 2049 dicebatur.2)
733 1965 914 2030 Praeterea
931 1965 1060 2031 etiarnsi
1082 1964 1131 2031 illi
1154 1967 1233 2030 adu-

22 2083 23 2088 ’
73 2072 184 2138 latores
209 2074 400 2139 Alexandro
423 2079 500 2138 tunc
523 2071 658 2155 coelum,
682 2077 720 2137 ut
743 2070 849 2138 Curtii
871 2072 1083 2154 ambiantur,
1107 2071 1233 2154 aperie-

73 2180 151 2262 bant,
175 2179 269 2262 cujus
293 2180 343 2245 rei
379 2181 476 2261 culpa
509 2197 571 2244 non
608 2184 679 2244 erat
714 2196 814 2260 penes
847 2177 1082 2260 Alexandrum,
1110 2184 1230 2257 tamen,

75 2303 136 2351 cnm
152 2286 370 2352 Anaxarchus
395 2285 632 2367 cognationem,
658 2302 741 2365 quae
766 2290 839 2350 erat
852 2284 1038 2350 Alexandro
1064 2302 1135 2350 cum
1149 2283 1232 2350 Her-

21 2433 22 2482 3
75 2394 143 2470 cula,
165 2387 335 2458 confessus
358 2389 481 2475 esseni)
504 2389 673 2473 Philippus
697 2397 793 2473 pater
816 2393 857 2456 ab
881 2409 918 2456 eo
942 2408 1006 2456 nou
1022 2387 1233 2470 rejiciebatur

21 2537 22 2594 p
74 2516 165 2578 neque
189 2497 383 2563 Hammonis
413 2495 495 2579 filio,
527 2498 586 2562 sed
620 2498 692 2577 regi
716 2496 941 2579 potentissimo
973 2498 1013 2561 ob
1043 2513 1097 2561 res
1120 2504 1231 2578 gestas

21 2601 22 2677 ι
74 2605 220 2670 Hercules
244 2611 279 2669 et
302 2611 399 2686 pater
428 2601 531 2670 Liber
561 2602 700 2669 cessisse
733 2604 947 2686 putabantur.
992 2603 1101 2681 Atque
1132 2600 1231 2669 etiam

73 2709 135 2775 ideo
156 2710 233 2775 huic
255 2709 438 2776 narrationi
470 2727 534 2775 non
565 2720 616 2774 est
645 2710 783 2775 multum
817 2709 894 2774 fidei
927 2708 1122 2790 habendum,
1147 2709 1232 2789 quod

75 2814 278 2883 Callisthenes
301 2822 370 2881 tam
394 2816 553 2882 audacter
569 2815 757 2882 Alexandro
781 2814 950 2881 obstitisse
974 2822 1008 2880 et
1023 2831 1093 2881 cum
1119 2814 1230 2879 adula-

74 2921 185 2988 toribus
209 2923 389 2988 altercatus
413 2939 485 2987 esse
509 2921 640 3001 dicitur,
666 2921 721 3001 qui
745 2921 1025 2987 consecrationem
1049 2918 1232 2986 Alexandri

76 3027 271 3096 confirmasse
294 3047 333 3093 ac
348 3045 552 3111 propagasse
576 3028 719 3110 videtur,
743 3027 906 3111 longeque
929 3026 1028 3092 aliter
1050 3025 1232 3108 scripsitac

75 3137 139 3198 tunc
153 3135 281 3201 locutus
305 3152 378 3200 esse
403 3133 518 3216 fertur,
548 3133 583 3200 id
606 3134 693 3214 quod
716 3139 749 3199 et
772 3151 814 3200 ex
842 3132 916 3199 aliis
939 3132 1146 3216 perspicuum
1171 3139 1229 3214 est,

77 3243 153 3306 etex
174 3239 224 3320 iis,
249 3258 332 3320 quae
349 3240 437 3321 apud
453 3239 648 3306 Strabonem
663 3238 773 3318 XVII,
798 3235 918 3318 814,43
941 3239 1094 3316 leguntur
1109 3243 1143 3303 et
1158 3256 1231 3303 cum

76 3342 241 3412 Alexandri
264 3346 511 3413 consecratione
534 3347 722 3412 cohaerent.

151 3452 238 3535 Quae
262 3470 332 3516 cum
356 3452 405 3517 ita
428 3452 502 3534 sint,
527 3451 642 3534 exiis,
667 3450 879 3536 quassanti,
908 3450 991 3519 locis
1013 3469 1078 3516 uon
1108 3450 1231 3533 colligi-

152 3681 171 3750 ¹)
189 3682 285 3735 Antan
309 3680 362 3749 IV,
388 3683 432 3742 9,9
456 3679 511 3732 ἐπεὶ
534 3684 579 3732 καί
601 3680 808 3749 προσκυνεῖσθαι
836 3678 938 3732 ἐθέλειν
961 3675 1130 3746 Ἀλέξανδρον
1155 3672 1233 3746 λόγον

78 3767 161 3832 κατέχει
181 3769 294 3834 ὑπούσης
319 3767 369 3836 μὲν
393 3766 463 3834 circui
484 3773 530 3820 καὶ
553 3767 601 3832 τῆς
626 3766 696 3836 ἀμφὶ
712 3767 760 3820 τοῦ
781 3765 919 3836 ’Ἇμμυννυν
936 3766 1035 3837 πατρὸς
1051 3760 1154 3833 μᾶλλόν
1173 3763 1232 3831 tsi>

78 3851 190 3908 Φιλιππου
209 3853 292 3924 δόξης,
312 3857 487 3925 θαυμάζοντα
506 3853 534 3908 δὲ
545 3852 595 3921 ἤδη
609 3856 643 3907 τὰ
655 3855 765 3925 Περσῶν
783 3861 828 3908 καλ
841 3852 945 3922 Μήδιον
963 3855 1010 3918 τῆς
1030 3874 1057 3907 τε
1075 3851 1231 3925 &obirasci

79 3935 168 4010 ἀμείψει
183 3949 228 3996 καλ
245 3943 292 4010 τῆς
310 3942 390 4011 ἄλλην
406 3946 552 4015 θεραπείαν
569 3945 609 4016 τρῖ
626 3942 826 4013 μετακοσμήσει.

152 4031 306 4100 ¹)Herod0t
333 4033 368 4101 Π,
396 4033 431 4089 80
458 4031 517 4084 ἀντὶ
543 4033 588 4084 τοῦ
612 4030 814 4102 προσαγορεύσω
841 4030 968 4099 ἀλλήλους
1003 4029 1031 4084 ἐν
1063 4030 1123 4103 τῇσι
1147 4027 1232 4083 odota

79 4119 242 4182 προσκυνέουσι
259 4121 388 4176 macinas
404 4121 480 4191 μέχρι
496 4119 543 4172 τοῦ
560 4114 687 4188 γυίνατυι
703 4119 753 4185 τὴν
771 4119 852 4190 χεῖρα.

154 4205 172 4275 ⁸)
190 4209 291 4264 Amen.
310 4209 359 4271 lv,
379 4212 440 4278 10‚6
458 4224 498 4277 sq.
