3008 4614
1467 36 1472 101 l

240 267 386 347 aliosque
410 264 591 332 scribentes
607 263 741 331 iaciunt.
786 264 857 332 Has
874 263 1030 346 epistulas
1046 281 1066 328 a
1081 262 1209 329 ratione
1225 269 1259 330 et
1275 263 1416 331 consilio

240 373 407 454 librorum,
436 371 471 438 iu
494 370 610 452 quibus
633 371 795 453 leguntur,
820 369 951 436 minime
983 369 1198 437 abhorrentes
1220 389 1241 436 a
1264 370 1416 437 Pseudo·
1452 363 1474 441 ’,

242 479 434 545 callisthene
463 484 497 543 et
526 477 617 544 iulio
645 476 780 544 Valerio
810 478 950 543 maxima
974 495 1016 542 ex
1038 481 1139 559 parte
1169 475 1301 543 lectoris
1324 478 1416 544 dele·

200 636 202 640 -
241 584 352 652 ctaudi
376 601 476 651 causa
501 583 595 650 fictas
612 601 694 662 esse,
718 602 784 649 uon
807 591 856 650 est
880 583 965 664 quod
989 583 1192 666 argumentis
1209 583 1412 663 confirmem.
1472 660 1475 685 1

241 693 330 776 illae,
356 709 490 772 quarum
514 689 670 771 reliquias
693 707 792 772 snpra
814 689 923 774 attuli,
949 688 1121 773 perpaucis
1138 688 1294 772 exceptis
1310 708 1414 760 veras
1473 694 1475 705 ’

241 807 274 867 et
297 817 318 864 a
340 815 446 866 rerum
471 796 684 879 scriptoribus
707 795 890 862 Alexandri
913 795 1104 877 aequalibus
1132 797 1309 862 memoriae
1335 815 1414 880 pro*
1474 874 1475 885 χ

242 905 328 971 ditas
352 921 434 987 esse,
459 903 546 984 quod
560 901 721 970 ,veritatis
744 920 856 969 earum
879 901 1007 968 firmum
1031 909 1082 968 est
1106 897 1340 984 testimouium,
1357 923 1413 969 ar·
1474 967 1476 972 ,

241 1008 403 1094 gumentis
432 1016 646 1091 veterumque
676 1007 881 1090 testimoniis,
905 1016 1064 1090 quantum
1088 1007 1190 1092 licuit,
1215 1010 1412 1075 confirmare
1476 1090 1477 1099 ἵ

242 1119 350 1182 conati
374 1133 494 1182 sumus.
542 1115 591 1180 Ac
614 1120 691 1181 sunt
714 1114 845 1195 quidem
867 1114 969 1180 etiam
992 1107 1163 1196 epistulae,
1189 1133 1324 1197 quarum
1347 1135 1411 1183 uec
1475 1140 1479 1179 1

242 1223 315 1289 fons
338 1221 491 1304 indagari
512 1238 575 1289 nec
597 1221 722 1288 veritas
747 1219 951 1303 comprobari
973 1227 1094 1305 potest,
1119 1223 1176 1288 sed
1199 1240 1256 1288 eas
1279 1240 1409 1304 quoque
1477 1202 1480 1323 ξ

241 1329 391 1397 iuveris
422 1329 589 1410 ponendas
620 1346 691 1394 esse
721 1326 799 1393 duxi
825 1333 958 1409 propter
987 1345 1043 1394 eas
1077 1327 1239 1410 rationes,
1269 1335 1413 1409 quaeat

241 1435 314 1503 aliis
337 1435 418 1502 locis
441 1441 476 1501 et
499 1454 529 1517 p.
555 1433 597 1498 26
620 1453 668 1515 sq.
693 1433 896 1515 significatae
919 1442 1006 1500 snut.
1052 1434 1104 1501 De
1121 1433 1237 1515 quibus
1253 1453 1305 1501 me
1320 1439 1414 1503 recte

241 1542 445 1610 existimasse
475 1541 582 1621 facile,
614 1540 738 1624 opinor,
773 1541 940 1620 concedes,
965 1543 993 1606 81
1017 1559 1073 1607 eas
1097 1559 1169 1607 cnm
1193 1541 1410 1624 subditarum,
1481 1572 1484 1623 p

243 1663 326 1730 quae
355 1653 488 1713 exstant
510 1646 721 1730 epistularum
753 1645 954 1728 argumentis
985 1647 1249 1730 comparaveris:
1277 1668 1353 1716 uam
1375 1648 1411 1715 in

242 1754 382 1822 subditis
406 1753 553 1836 epistulis
578 1771 649 1820 eam
673 1751 874 1835 diligentiam
898 1772 938 1819 ac
954 1753 1178 1835 sagacitatem,
1196 1772 1260 1836 qua
1276 1755 1321 1820 ad
1335 1754 1410 1822 illas

242 1861 402 1945 epistulas
427 1862 667 1943 componendas
691 1879 771 1942 opus
795 1866 876 1940 erat,
902 1880 966 1928 non
989 1860 1130 1944 repperi.

180 1997 186 2004 ·
251 1963 254 1968 ’
333 1968 429 2053 Quod
452 1967 651 2051 siepistulae,
677 1985 758 2048 quas
775 1967 973 2050 collegimus,
997 1969 1171 2050 perpaucis
1195 1969 1352 2053 exceptis,
1375 1968 1411 2036 in
1483 2046 1486 2061 Ι

242 2076 330 2145 veris
353 2076 525 2161 ponendae
548 2081 633 2153 sunt,
659 2075 807 2155 equidem
831 2093 887 2140 eas
910 2074 1021 2158 magui
1044 2075 1196 2142 aestimo:
1220 2075 1307 2142 allae
1323 2078 1410 2142 enim
1484 2120 1486 2132 ,

240 2201 348 2250 rerum
372 2189 538 2266 gestarum
562 2199 679 2248 causas
703 2181 936 2260 demonstrant,
961 2181 1045 2248 aliae
1067 2199 1146 2249 vero
1170 2181 1319 2262 quamvis
1343 2182 1408 2249 exi·
1485 2174 1487 2183 '

242 2308 334 2372 gnae,
363 2295 474 2356 tamen
498 2288 554 2356 vel
575 2287 715 2354 maxime
737 2287 876 2354 idoneae
899 2290 1041 2355 suntad
1064 2288 1308 2372 exprimendam
1330 2287 1408 2355 ima-

242 2395 351 2478 ginem
379 2413 504 2461 morum
534 2389 631 2476 atque
659 2392 902 2462 consuetudinis
925 2394 1114 2478 Alexandri,
1139 2395 1168 2462 si
1190 2394 1322 2477 quidem
1345 2395 1409 2460 De·
1443 2429 1451 2448 ··
1482 2350 1496 2507 ι

242 2500 387 2583 matrina,
412 2499 467 2582 qui
490 2499 619 2580 dicitur,
644 2507 678 2567 et
700 2499 895 2568 Plutarchus
917 2500 1003 2566 haud
1025 2501 1137 2584 inepte
1158 2500 1281 2568 dixisse
1295 2501 1407 2569 viden·
1426 2503 1447 2538 1
1488 2514 1492 2563 t

241 2617 306 2691 tur,
343 2626 476 2689 quorum
510 2608 595 2674 alter
629 2609 685 2692 (de
719 2606 833 2676 elocut.
861 2606 938 2694 227)
971 2608 1013 2674 de
1046 2606 1193 2691 epistulis
1218 2604 1317 2689 opacis
1343 2607 1418 2690 peip,
1488 2675 1494 2704 ,

242 2714 361 2797 inquii,
392 2711 488 2776 εἰκόνα
515 2711 639 2783 ἕκαστος
660 2724 709 2793 τῆς
732 2719 833 2777 ἑαυτοῦ
857 2724 952 2797 ψυχῆς
974 2714 1076 2794 γράφει
1099 2713 1149 2793 τὴν
1172 2712 1332 2794 ἐπιστολήν.
1360 2719 1408 2776 καὶ
1490 2731 1492 2741 ¹

243 2819 304 2881 ἔστι
326 2823 377 2898 μὲν
400 2823 449 2882 καὶ
466 2819 497 2892 ἐξ
520 2816 610 2883 ἄλλον
630 2818 715 2901 λόγου
737 2819 849 2893 παντὸς
872 2826 941 2884 ldsiv
963 2819 997 2882 τὸ
1021 2815 1098 2899 ἦθος
1119 2829 1170 2883 τοῦ
1184 2820 1355 2904 γράφοντος,
1380 2821 1409 2894 ἐξ
1491 2856 1493 2866 ·

243 2923 357 2997 οὐδενὸς
379 2927 410 2988 di
436 2923 538 3011 obrue,
572 2931 609 2998 ὡς
635 2929 794 3007 ἐπιστολῆς,
829 2927 917 2994 alter
950 2925 1022 3013 (vii.
1045 2927 1140 2993 Alex.
1165 2926 1195 3014 I)
1226 2928 1267 2994 de
1300 2929 1406 3011 rebul,
1492 2966 1495 3003 ε

243 3032 356 3113 quales
379 3031 466 3099 haud
493 3053 568 3100 raro
591 3032 626 3100 iu
649 3033 701 3100 his
725 3033 873 3115 epistulis
896 3037 1066 3120 leguntur,
1099 3030 1165 3096 otha
1186 3046 1250 3105 ταῖς
1273 3040 1407 3114 suspers-

243 3138 361 3209 σπάσαις
384 3136 506 3219 πράξεσι
529 3137 644 3211 πάντως
667 3139 758 3201 ἔνεστι
774 3135 895 3218 citam
910 3141 1013 3220 ἀρετῆς
1029 3138 1046 3220 ἢ
1062 3144 1175 3220 κακίας,
1201 3137 1275 3202 ἀλλὰ
1291 3149 1407 3222 πρᾶγμά
1496 3197 1497 3216 ,

242 3241 335 3327 βραχὺ
357 3245 494 3317 πολλάκις
516 3249 565 3307 καὶ
588 3242 665 3325 ῥῆμα
688 3249 738 3307 καὶ
760 3246 863 3308 παιδιά
884 3265 928 3318 τις
950 3244 1078 3327 ἔμφασιν
1101 3243 1192 3328 ἤθους
1216 3249 1342 3327 ἐποίησε.
1497 3221 1498 3292 l

716 66 929 169 -nr-

492 4132 564 4187 'lypis
579 4131 606 4175 d.
621 4130 690 4175 zahu
704 4133 730 4175 at
742 4131 772 4176 li.
787 4130 900 4185 Baendal,
915 4129 1158 4179 Klrcbhaiulanslum.
