3008 4614
771 106 835 177 124

383 304 530 374 Orientis
562 324 651 373 oram
683 305 818 390 imperio
850 303 1044 372 destinasse.
1096 305 1301 389 Quocumque
1327 304 1386 370 Ille

383 412 496 496 fugere
511 411 682 510 potuisset,
707 413 812 495 ipsum
828 411 922 494 sequi
943 428 1056 494 posse:
1081 413 1245 482 desineret
1259 417 1388 479 terrere
1487 467 1488 518 ἒ

384 518 579 602 fluminibus,
605 537 700 601 quem
724 518 825 586 sciret
846 521 950 586 maria
972 518 1144 588 transisse.

225 627 367 693 Dareum
400 644 470 692 cum
506 628 565 692 has
602 624 731 694 litteras
765 625 912 693 mitteret
950 622 985 691 iu
1015 625 1197 709 Babylonia
1226 631 1389 693 moratum

226 751 297 800 esse
326 731 523 815 perspicitur
554 752 595 800 ex
618 731 721 800 Onrtii
743 733 814 819 (IV,
844 731 901 815 VI,
931 729 998 818 25.)
1020 732 1129 800 verbis
1161 731 1299 799 ‘Dareus
1334 733 1387 798 ote·

222 846 351 922 sperata
378 861 476 923 pace,
517 861 613 922 onam
646 861 705 924 per
738 841 859 906 litteras
893 840 1069 924 lcyctospae
1106 841 1263 924 inpetrari
1291 857 1389 920 posse

223 946 408 1022 crediderat,
433 947 478 1012 cd
499 947 701 1029 reparandas
722 949 806 1014 circa
821 945 995 1028 totitemque
1016 947 1152 1032 impiyrc
1173 946 1390 1012 renovandam

224 1052 359 1118 intendit
380 1055 532 1120 arnimari.
579 1051 687 1120 Dacos
703 1073 774 1137 eryo
798 1055 963 1134 copiornm
978 1052 1193 1136 Babyloniam
1215 1053 1388 1130 convenire,

225 1158 363 1226 Bassam
385 1152 513 1242 amona
529 1158 782 1225 Bactrianorum
799 1164 990 1243 praeterera,
1013 1179 1108 1242 arram
1127 1159 1264 1226 mammo
1280 1164 1391 1238 possa

224 1269 362 1332 maara
404 1270 509 1332 coacto
542 1265 727 1332 descendam
757 1266 801 1332 od
833 1285 867 1331 sc
893 1263 1003 1348 jabet!
1056 1263 1247 1330 Alexander
1277 1270 1392 1330 autem

226 1376 323 1453 capta
345 1371 442 1454 Tyro,
475 1369 601 1436 Gazam
623 1369 788 1452 profectus
812 1374 872 1448 est,
903 1389 967 1451 qua
991 1375 1179 1453 expugnata
1202 1368 1304 1458 (Ourt.
1329 1369 1390 1452 IV,

225 1477 284 1560 VI,
310 1476 365 1565 28)
381 1477 568 1561 Aegyptum
591 1475 695 1561 petiit,
717 1476 811 1555 unde,
836 1482 1006 1559 postquam
1022 1475 1213 1543 Hammonis
1233 1476 1392 1559 templum

224 1582 309 1650 adiit
345 1583 649 1665 Alexandreamque
688 1582 842 1667 condidit,
881 1601 1046 1666 reversus,
1084 1583 1191 1650 Dareo
1229 1581 1392 1649 inminens

226 1688 331 1774 (Cart.
355 1689 413 1774 IV,
445 1689 537 1773 VIII,
569 1689 626 1774 34)
654 1690 696 1755 ad
726 1689 928 1772 Euphratem
957 1691 1021 1757 iter
1049 1687 1255 1771 pronuntiari
1279 1687 1392 1773 jussit.

227 1793 319 1877 Quod
342 1812 414 1861 cnm
437 1802 525 1862 essct
548 1798 657 1864 Dareo
679 1794 874 1879 nuntiatum,
890 1783 1012 1861 'omnia
1034 1795 1261 1878 longiquarum
1285 1797 1393 1879 genti·

226 1920 280 1967 um
310 1901 433 1968 auxilia
456 1901 672 1984 Babyloniam
704 1901 853 1968 contrahi
872 1901 972 1986 jussit
1001 1901 1072 1987 (IV,
1102 1900 1163 1984 IX,
1199 1899 1240 1966 35
1264 1901 1327 1988 sq.)
1358 1904 1393 1966 et
1468 1883 1469 1888 ¹

226 2007 397 2091 Babylone
419 2011 606 2090 perarmato
630 2006 778 2074 exercitu
802 2006 911 2088 copias
934 2006 1045 2085 movit,
1071 2007 1114 2072 ad
1138 2007 1259 2076 Arbela
1279 2005 1394 2076 vicum

225 2116 379 2196 pervenit
411 2120 445 2180 et
485 2115 528 2180 ad
562 2132 691 2180 amnem
726 2112 777 2179 cui
812 2131 929 2180 nomen
963 2113 1137 2198 Bume101)
1173 2120 1246 2180 erat
1279 2123 1395 2182 castra
1491 2105 1492 2114 '

227 2220 344 2302 posuit.
402 2220 591 2286 Alexander
620 2219 831 2301 Euphratem,
863 2219 981 2286 deiude
1011 2219 1134 2302 Tigrim
1162 2229 1393 2304 transgressus

226 2323 297 2412 (IV,
321 2326 380 2409 IX,
404 2323 446 2392 37
470 2329 529 2412 sq.)
559 2327 603 2392 ad
624 2327 770 2392 Dareum
800 2326 983 2394 contendit:
1013 2328 1048 2392 in
1079 2345 1116 2393 eo
1146 2325 1265 2395 itinere
1288 2327 1395 2394 Darei

226 2450 308 2498 uxor
331 2451 349 2499 e
372 2431 443 2501 vita
466 2433 624 2516 excessit;
649 2434 735 2514 quod
759 2451 830 2500 cnm
847 2433 1009 2516 Tyriotes,
1035 2452 1053 2499 e
1076 2432 1272 2515 spadonibus
1295 2452 1393 2516 unua,

226 2539 334 2606 Dareo
368 2538 552 2607 nuntiasset
586 2537 656 2627 (VI,
687 2540 729 2624 X,
758 2537 823 2626 42),
855 2539 1053 2623 legationem
1083 2539 1210 2606 Dareus
1240 2541 1282 2606 ad
1312 2540 1392 2606 Ale·
1492 2569 1493 2576 ¹

227 2647 389 2714 xandrum
411 2646 509 2714 misit.
556 2647 746 2714 Alexander
777 2645 911 2714 consilio
946 2648 1106 2715 advocato
1135 2646 1262 2729 legatos
1289 2645 1395 2713 intro·

229 2753 304 2820 duci
328 2752 441 2838 jussit,
472 2738 498 2820 e'
520 2753 635 2835 quihus
666 2754 824 2822 maximus
855 2758 937 2820 natu
969 2759 1004 2820 et
1032 2751 1097 2820 alia
1124 2758 1159 2819 et
1186 2753 1269 2820 haec
1308 2751 1395 2824 dixit

228 2858 333 2945 (Gurt.
358 2859 417 2944 IV,
438 2857 501 2943 XI,
523 2857 592 2946 43.)

386 2967 494 3034 Antea
512 2965 647 3050 imperio
670 2972 727 3033 tuo
757 2966 852 3033 finem
889 2969 1078 3035 destinabat
1098 2964 1256 3053 (Dareus)
1281 2965 1395 3048 Halyn

386 3092 521 3158 amnem,
549 3073 605 3155 qui
627 3072 767 3159 Lydiam
797 3077 966 3141 terminat:
994 3092 1081 3141 nnnc
1110 3071 1268 3156 quidquid
1299 3071 1391 3138 inter

386 3179 634 3262 Hellespontum
673 3186 706 3246 et
743 3179 938 3262 Euphraten
978 3186 1044 3259 cst,
1083 3181 1119 3246 in
1157 3181 1266 3246 dotem
1303 3177 1394 3244 filiae

386 3284 489 3367 offert,
514 3304 610 3368 quam
634 3285 696 3352 tibi
717 3287 831 3354 tradit.
879 3285 1003 3354 Ochum
1025 3285 1138 3370 filium,
1162 3303 1258 3368 quem
1279 3285 1394 3366 hahes,

387 3392 476 3477 pacis
508 3387 552 3458 et
568 3391 646 3459 fidei
675 3391 819 3461 obsidem
847 3392 967 3478 retine,
997 3397 1135 3460 matrem
1160 3398 1193 3458 et
1225 3395 1305 3458 duas
1328 3391 1394 3461 vir·-

388 3497 480 3582 giues
501 3498 586 3565 filias
609 3500 726 3566 redde:
759 3519 816 3584 pro
840 3500 943 3569 tribus
967 3498 1156 3583 corporibus
1179 3499 1280 3566 XXX
1302 3498 1393 3565 milia

387 3605 548 3673 talentum
571 3604 643 3671 auri
666 3611 818 3688 precatur
842 3605 993 3690 accipias.

228 3710 415 3778 Alexander
449 3710 543 3798 (ibid.
580 3730 608 3778 c.
643 3711 710 3794 XI,
750 3712 806 3798 44)
846 3712 967 3796 legatis
1000 3713 1215 3780 tabernaculo
1249 3711 1393 3783 remotis.

229 3817 307 3898 quid
335 3818 496 3902 placeret,
527 3819 571 3886 ad
598 3817 766 3885 consilium
793 3818 906 3886 refert.
942 3818 1116 3888 ParmenIo
1146 3819 1250 3886 suasit
1277 3821 1323 3901 ei,
1356 3827 1393 3883 ut

228 4062 355 4135 yaprr'ylorc
385 4064 450 4135 apic
479 4066 589 4134 ποταμῷ
607 4061 741 4135 Βουμώδῳ
760 4065 838 4134 idem,
860 4066 909 4136 vi,
934 4069 975 4137 11,
995 4069 1019 4136 5,
1038 4065 1101 4122 dicit
1129 4065 1194 4136 apic
1223 4065 1260 4132 τῷ
1281 4063 1393 4134 ποταμῷ

232 4151 371 4223 amputa.
