3016 4612
829 185 871 251 52

268 383 429 466 proditam
448 401 530 465 esse,
555 399 650 462 quem
666 381 751 447 hano
774 382 948 465 epistulam
964 381 1147 448 narrationi
1169 384 1210 448 de
1228 380 1437 448 Callisthenis

267 495 373 555 morte
398 497 433 554 et
456 490 496 556 de
514 486 704 554 Aristotelis
728 489 874 570 periculo
890 487 1070 554 inseruisse
1095 497 1354 555 consentaneum
1379 494 1436 553 est.

269 595 361 678 Quae
384 595 412 661 si
435 595 482 660 ita
506 605 589 676 sunt,
615 597 714 660 etiarn
739 597 880 677 priorem
904 596 1088 677 epistulam,
1123 613 1206 676 quae
1230 597 1345 660 eodem
1370 595 1436 660 loto

267 702 400 786 legitur,
426 721 467 768 ex
483 701 635 767 Charetis
650 700 733 767 libro
750 704 976 783 depromptam
999 720 1071 768 esse
1094 709 1201 783 patet:
1237 705 1318 768 Nam
1337 705 1438 770 verba

269 808 357 880 εὐθὺς
380 860 387 874 .
414 860 421 874 .
446 859 454 874 .
478 806 598 889 γράφων
614 809 654 873 de
671 810 790 892 priore,
807 805 933 888 ὕστερον
954 811 986 870 δὲ
1009 807 1130 888 γράφων
1153 811 1192 875 de
1216 810 1331 892 altera,
1359 828 1437 889 quae

268 916 418 982 indioant
443 935 504 997 quo
529 927 710 997 temporum
743 917 856 982 ordine
880 915 1041 997 epistulae
1071 918 1168 982 datae
1192 915 1268 997 sint,
1302 934 1376 981 oum
1400 918 1437 980 de

270 1023 418 1106 epistulis
448 1042 489 1088 ex
527 1041 662 1104 corpore
695 1023 909 1104 epistularum
945 1022 1083 1104 sumptis
1112 1021 1175 1087 diei
1204 1041 1268 1088 non
1297 1031 1436 1104 possent,

268 1150 333 1196 non
361 1132 463 1196 solum
496 1148 538 1194 ex
567 1127 651 1193 libro
682 1146 791 1193 rer-um
822 1127 1002 1210 scriptoris,
1034 1129 1092 1195 sed
1122 1122 1224 1193 etiam
1255 1145 1297 1195 ex
1326 1129 1436 1193 eodem

269 1235 353 1302 libro
377 1255 433 1303 eas
456 1238 592 1301 haustas
616 1252 688 1301 esse
712 1236 947 1300 demonstrant.

356 1342 465 1408 Aliam
489 1342 673 1407 Alexandri
697 1341 867 1422 epistulam
892 1344 934 1407 ad
951 1327 1164 1424 Antipatrum
1188 1343 1298 1407 datam
1323 1360 1437 1406 memo·
1488 1427 1489 1442 ,

270 1455 324 1515 rat
346 1448 549 1515 Plutarchus
573 1447 630 1514 vit.
655 1448 748 1514 Alex.
771 1447 914 1514 XLVII:

431 1555 615 1633 ψοβουμενος
642 1556 673 1616 δὲ
703 1553 771 1620 τοὺς
794 1558 980 1627 Μακεδονας,
1010 1557 1050 1634 μή
1079 1560 1120 1625 είς
1150 1553 1186 1616 τά
1215 1553 1363 1616 ὑπόλοιπα
1392 1563 1438 1631 τῆς
1488 1505 1489 1560 1

429 1665 583 1736 στρατείας
610 1659 849 1741 ἀπαγορεύσωσι,
880 1659 914 1722 τὸ
941 1662 993 1738 μὲν
1022 1656 1093 1722 ἀλλο
1116 1664 1231 1739 πλῆθος
1254 1661 1336 1723 εἴασε
1365 1657 1437 1722 κατὰ

428 1766 531 1852 χώραν,
555 1767 621 1839 τοὺς
644 1769 674 1829 di
698 1767 834 1847 ἀρίστους
858 1765 927 1848 ἔχων
951 1775 980 1829 έν
1002 1770 1146 1848 Ὑρκανίᾳ
1162 1768 1231 1845 μεθ’
1248 1774 1359 1840 ἑαυτοῦ,
1383 1773 1437 1829 δισ-

430 1879 548 1955 μυρίους
570 1873 671 1947 πεζοάς
693 1877 741 1936 καὶ
763 1877 935 1956 τρισχιλίους
958 1882 1063 1954 ἱππεῖς,
1089 1877 1253 1956 προσέβαλε
1276 1877 1374 1958 λέγων,
1405 1877 1437 1942 ὡς
1488 1957 1489 1960 ¹

430 1992 477 2043 νῦν
499 1984 551 2058 μὲν
574 1979 678 2051 αι’ποὺς
700 1978 830 2042 ἐνύπνιον
851 1979 1077 2062 τῶνβαρβάρων
1093 1978 1231 2063 ὁρώντων,
1257 1978 1292 2042 ἀν
1309 1981 1339 2041 δὲ
1355 1980 1437 2058 μόνον
1488 2013 1489 2017 1

429 2088 603 2167 ταράξαντες
625 2084 674 2165 τὴν
692 2087 795 2148 Ἀσίαν
818 2087 957 2159 ἀπίωσιν,
989 2093 1209 2166 ίπιθησομίνων
1232 2085 1323 2158 εὐθὺς
1344 2084 1436 2163 ώσπερ

430 2194 563 2274 γυναιξίν.
613 2193 656 2256 Οὐ
678 2190 733 2272 μὴν
755 2194 816 2254 ἀλλ’
840 2195 955 2256 ἀπιέναι
986 2219 1016 2276 γε
1039 2191 1104 2266 τοὺς
1133 2197 1322 2275 βουλομένους
1344 2199 1436 2272 ἐφηκε,
1485 2241 1486 2248 ,

430 2301 656 2383 μαρτυράμενος,
679 2298 723 2362 ὅτι
745 2298 795 2379 τὴν
818 2306 982 2380 οἰκουμένην
997 2313 1058 2372 τοῖς
1074 2298 1226 2362 Μακεδόσι
1242 2301 1382 2378 κτώμενος
1401 2306 1438 2380 ly·
1485 2353 1486 2358 ,

429 2410 653 2470 καταλίλειπται
674 2407 748 2486 μετά
770 2419 825 2470 τῶν
841 2410 934 2487 φίλων
948 2410 997 2468 καλ
1020 2417 1075 2470 τῶν
1091 2406 1252 2470 ἐθελόντων
1267 2407 1435 2485 στρατεύειν.

436 2520 534 2578 Ταῦτα
557 2512 659 2597 σχεδὸν
683 2515 781 2586 αὐτοῖς
803 2514 941 2591 ὀνίμασιν
964 2521 993 2575 ἐν
1015 2525 1050 2594 τῇ
1073 2515 1147 2594 πρὸς
1170 2515 1359 2594 Ἀντίπατρον
1382 2520 1436 2573 ἐπι-

431 2625 519 2701 στολῇ
541 2628 708 2704 γίγραπται,
741 2626 791 2682 καὶ
814 2619 857 2682 ὅτι
880 2635 972 2683 ταῦτα
996 2620 1127 2693 εἰπόντος
1149 2623 1238 2684 αὑτοῦ
1260 2619 1366 2691 πάντες
1388 2619 1438 2692 ἐξί·

434 2753 541 2810 κραγου
565 2725 632 2791 ὅποι
654 2727 789 2810 βούλεται
811 2737 861 2804 τῆς
884 2733 1048 2807 οἰκουμένης
1072 2726 1159 2808 ἄγειν.

274 2838 317 2902 ad
348 2855 433 2917 qnae
461 2837 658 2904 Plutarchus
688 2837 773 2901 haee
800 2835 968 2919 adjungit:
1004 2836 1234 2913 Aulopotamos
1263 2832 1371 2895 τούτου
1392 2829 1437 2909 τὴν

272 2955 375 3020 πεῖραν
399 2944 492 3004 υώκίτι
524 2938 556 3018 ἦν
579 2939 704 3023 χαλεπὸν
737 2951 922 3024 προαχθῆναι
945 2941 978 3005 τὸ
1001 2945 1125 3021 πλῆθος,
1150 2939 1225 3003 ἀλλά
1248 2945 1355 3020 ῥᾳδίως
1377 2945 1436 3014 ἐπα
1485 3013 1486 3020 ¹

273 3048 459 3127 κολοίυησεν.
502 3048 592 3131 Quae
610 3057 716 3114 utrum
733 3067 774 3114 ex
791 3049 932 3130 epistula
955 3050 1149 3132 deprompta
1172 3068 1214 3114 eu
1237 3050 1278 3114 ab
1303 3066 1341 3113 eo
1366 3041 1436 3112 sori·

273 3165 367 3238 ptore
383 3155 534 3238 prolecta
554 3160 630 3241 sint,
655 3157 711 3235 qui
727 3154 898 3236 epistulam
913 3155 1089 3223 memoriae
1106 3156 1305 3238 prodiderat,
1329 3168 1435 3236 parum
1486 3225 1487 3234 ρ

272 3262 382 3343 liquet.
422 3262 473 3327 De
489 3262 633 3330 veritate
657 3262 817 3344 epistulae
834 3261 962 3329 dubitat
978 3261 1221 3347 Droysenius1).
1258 3258 1435 3339 Pridious2)

274 3388 346 3435 eam
368 3368 403 3435 in
427 3367 514 3436 veris
538 3367 639 3450 ponit.
665 3369 874 3455 Kaerstiusl)
899 3370 980 3435 dioit
1002 3389 1074 3436 eam
1091 3368 1285 3450 produxisse
1308 3388 1349 3434 ex
1371 3384 1434 3432 ora·

274 3477 372 3561 tione,
398 3493 494 3556 qnam
517 3476 742 3541 Alexandrum
766 3477 809 3539 ad
832 3475 1015 3556 Hyphasim
1040 3475 1192 3541 habuisse
1216 3474 1377 3541 Arrianus
1400 3469 1433 3552 V,

275 3584 350 3667 28‚2
375 3581 572 3662 Curtiusque
595 3581 655 3663 IX,
691 3581 742 3662 ΙΙ,
778 3579 817 3646 11
846 3587 1026 3661 testantur,
1062 3594 1096 3648 et
1126 3601 1168 3648 ex
1196 3581 1254 3647 illa
1278 3578 1433 3654 memoria,

276 3710 373 3772 quam
389 3687 521 3755 Curtius
537 3687 607 3775 (VI,
625 3690 681 3767 IV,
705 3686 759 3776 10)
776 3687 922 3754 exhibet:
938 3689 1163 3755 Alexandrum
1179 3687 1434 3754 ahlaoedonibus

273 3817 398 3882 Jussum
427 3815 500 3863 esse
531 3797 650 3862 ducere
687 3814 888 3877 quocumque
922 3795 1037 3877 vellet3
1072 3797 1176 3865 verba
1212 3795 1372 3878 epistulae
1392 3788 1434 3868 τὴν

276 3910 439 3984 οἰκουμένην
462 3915 522 3974 τοῖς
545 3900 698 3965 Μακεδόσι
721 3901 862 3980 κτώμενος
885 3905 992 3985 potius
1016 3905 1059 3969 ad
1082 3902 1269 3987 Hyphasim
1293 3896 1434 3982 quamin

365 4066 387 4132 ¹)
407 4063 485 4118 Alex.
505 4062 604 4133 (Gotho
623 4063 701 4132 1877)
720 4062 756 4130 ΙΙ,
775 4078 801 4130 ρ.
820 4064 837 4116 5
856 4062 916 4115 adn.
937 4064 951 4116 l
972 4065 999 4116 et
1015 4079 1042 4131 p.
1057 4061 1119 4118 404.

366 4151 472 4222 ¹)1oid.
491 4169 517 4221 p.
537 4153 570 4209 61
590 4165 647 4222 sqq.

367 4241 387 4310 ⁸)
405 4241 594 4309 Forsohungen
612 4256 638 4309 p.
658 4239 718 4296 109.
736 4237 831 4294 Philol
850 4237 887 4294 LI
906 4255 931 4307 p.
950 4238 1010 4295 608.
