3016 4612
822 160 865 228 64

349 357 442 422 Haeo
464 357 581 440 igitur,
614 374 698 437 quae
723 355 806 438 dixi,
837 363 870 422 et
893 355 1019 422 numeri
1045 374 1198 422 curruum
1223 354 1418 436 equitumque

262 462 487 545 discrepantes
511 468 545 528 et
575 462 683 529 omnia
707 481 760 542 ea,
791 462 930 544 quaein
963 462 1104 546 epistula
1129 462 1293 548 leguntur,
1317 461 1420 528 sedin

261 570 395 636 Arriani
421 569 610 636 narratione
634 570 877 648 desiderantur,
910 585 994 650 quae
1019 580 1109 635 certe
1137 568 1306 634 falsarium
1329 569 1420 635 haud-

261 694 421 756 quaquam
446 677 603 755 redolent,
627 678 854 742 demonstrant
871 676 1044 758 epistulam
1062 693 1169 757 neque
1193 693 1235 740 ex
1251 674 1420 742 Ptolemaei

262 789 320 849 aut
350 783 487 850 aliorum
516 802 626 849 rerum
656 783 851 866 scriptorum
874 783 1029 848 memoria
1059 777 1253 866 profluxisse
1284 800 1420 862 nequeo

261 888 397 956 falsario
426 889 583 973 scriptam
615 908 697 955 esse.
746 889 886 955 Accedit
916 890 1002 970 quod
1035 891 1195 955 transitus
1227 887 1369 954 fluminis
1394 893 1421 951 et

261 1003 335 1064 tota
357 1015 468 1081 pugna
500 1004 568 1061 tam
599 1001 753 1062 accurate
782 1002 827 1076 et
844 995 986 1062 dilucide
1010 994 1171 1078 explicata
1199 1001 1233 1060 et
1262 994 1420 1060 declarata

261 1111 345 1186 sunt,
363 1111 461 1185 atque
477 1105 574 1186 longe
590 1104 703 1170 verius
719 1102 832 1184 reique
847 1109 987 1169 naturae
1004 1101 1112 1186 aptius
1127 1101 1161 1166 in
1179 1103 1321 1186 epistula
1337 1120 1420 1182 quam

261 1212 348 1294 apud
382 1209 559 1276 Arrianum
594 1209 744 1294 exposita
780 1216 873 1289 sunt3
910 1227 1035 1290 quoque
1071 1208 1206 1274 consilio
1241 1209 1420 1274 Alexander

261 1319 460 1401 pugnaverit
483 1324 550 1381 tam
567 1316 749 1400 persianum
767 1322 826 1399 est,
851 1322 888 1381 ut
910 1335 970 1400 pro
988 1324 1077 1382 certo
1094 1317 1236 1380 habeam
1260 1315 1420 1398 epistulam

261 1423 397 1508 abipso
421 1441 554 1509 pugnae
584 1430 720 1489 auctore
749 1425 904 1506 scriptam
929 1440 1011 1504 esse,
1045 1420 1199 1504 quisine
1229 1420 1420 1504 ambagibus,

262 1549 347 1612 quae
369 1530 537 1609 historiae,
561 1548 625 1595 non
644 1527 807 1613 epistulae
824 1528 995 1613 scriptoris
1019 1539 1105 1608 sunt,
1131 1548 1171 1595 ea
1186 1536 1323 1610 tantum,
1348 1545 1420 1608 quae

262 1639 304 1702 ad
328 1644 430 1702 totam
457 1655 600 1721 pugnam
633 1637 882 1703 describendam
913 1636 1113 1716 consiliaque
1142 1653 1201 1702 sua
1234 1635 1421 1701 declaranda

260 1744 486 1827 pertinebant,
520 1743 669 1811 breviter
699 1751 733 1808 et
761 1742 966 1826 simpliciter,
999 1744 1058 1809 sed
1086 1748 1241 1809 accurate
1271 1740 1420 1826 exposuit,

261 1852 348 1932 quod
370 1850 526 1916 falsarius
551 1851 621 1916 sine
646 1850 743 1915 dubio
765 1849 892 1915 etiamsi
915 1849 1105 1916 memoriam
1129 1852 1169 1916 de
1192 1849 1354 1916 industria
1376 1866 1421 1914 ex·

228 2011 229 2016 ,
260 1958 430 2042 plorasset,
462 1966 571 2023 tamen
599 1958 730 2038 assequi
753 1975 819 2021 non
841 1963 988 2039 poterat:
1014 1956 1142 2022 namsi
1168 1955 1239 2040 ipse
1261 1956 1420 2035 Arrianus,

262 2083 357 2145 quem
387 2063 451 2132 viri
487 2064 575 2129 docti
606 2081 716 2129 rerum
744 2063 940 2129 tacticarum
968 2063 1201 2146 peritissimum
1237 2065 1421 2146 scriptorem

261 2169 441 2254 appellant,
466 2188 698 2253 nonnunquam
713 2168 747 2235 in
765 2187 897 2235 errores
909 2169 1084 2252 inducitur,
1099 2175 1238 2252 quantos
1253 2168 1287 2233 in
1304 2184 1421 2234 errores

261 2275 433 2342 falsarium
449 2282 621 2344 venturum
645 2275 746 2342 fuisse
762 2281 870 2360 putas
896 2276 924 2340 si
938 2276 1050 2342 varias
1071 2275 1242 2341 memorias
1260 2271 1422 2357 complecti

260 2402 422 2466 unamque
446 2383 617 2466 epistulam
642 2401 682 2447 ex
704 2382 745 2448 iis
770 2381 901 2448 efficere
925 2381 989 2449 sibi
1011 2380 1256 2466 proposuisset?

349 2508 532 2573 Alexandri
559 2509 601 2572 ad
629 2506 848 2573 Athenienses
871 2505 1052 2592 epistulal),
1088 2525 1172 2586 quae
1200 2515 1273 2572 erat
1307 2508 1347 2574 de
1369 2503 1420 2570 tri-

260 2615 403 2681 remibus
416 2614 480 2681 sibi
491 2614 671 2697 mittendis,
688 2615 812 2699 legitur
824 2618 911 2697 apud
923 2615 1136 2681 Plutarchum
1150 2614 1209 2683 vit.
1221 2614 1321 2680 Phoc.
1336 2612 1418 2678 XXI.

418 2755 596 2836 Γράψαννος
618 2761 649 2819 di
672 2768 723 2820 τοῦ
741 2755 930 2837 Ἀλεξάνδρον
953 2760 1018 2834 περὶ
1043 2755 1165 2838 τριήρων
1193 2756 1272 2827 ὅπως
1295 2755 1418 2818 ἀποστεί-

418 2865 506 2925 λωσιν
529 2866 614 2943 αὐτῷ,
638 2868 686 2925 καὶ
709 2875 764 2928 τῶν
786 2863 913 2946 ρητόρων
936 2869 1126 2942 ἐνισταμένων
1149 2866 1208 2931 κτλ.

259 3006 412 3089 Ejusdem
429 3004 591 3092 epistulae
607 3007 803 3082 mentionem
819 3006 901 3072 iacit
916 3007 1114 3073 Plutarchus
1137 3007 1171 3072 in
1187 3007 1270 3088 Reg.
1297 3011 1330 3072 et
1350 3007 1416 3087 imp.

260 3114 413 3196 apophth.
432 3111 520 3197 188⁰,
545 3112 601 3180 ubi
612 3116 774 3186 Αῑνοῦνιος
788 3134 846 3197 pro
863 3112 1032 3195 γράψαντος
1046 3113 1178 3196 legitur.
1213 3113 1295 3179 Eam
1313 3131 1417 3179 mamo-

259 3239 351 3287 rasse
380 3219 514 3287 videtur
544 3239 654 3286 rerum
684 3222 834 3304 scriptor,
870 3222 924 3300 qui
947 3219 1025 3301 quid
1047 3226 1126 3286 tuno
1148 3218 1270 3286 Phocio
1295 3218 1417 3286 Atheni·

261 3325 393 3394 ensibus
417 3325 576 3392 suasisset
599 3327 758 3394 narravit.
803 3326 955 3393 Pridicus
979 3325 1072 3412 (ibid.
1097 3348 1128 3409 p.
1154 3325 1211 3413 23)
1235 3331 1332 3408 putat
1355 3342 1417 3390 eam

260 3454 280 3500 a
303 3433 428 3501 Doride
453 3434 628 3498 memoriae
650 3433 815 3515 proditam
839 3452 920 3501 esse.

348 3554 530 3624 Alexandri
558 3555 730 3642 epistulam
754 3557 794 3621 de
817 3555 965 3623 vestibus
988 3556 1160 3639 purpureis
1184 3556 1247 3622 ribi
1270 3553 1415 3638 parandis

261 3667 302 3731 ad
318 3665 466 3732 Graecos
487 3663 597 3728 datam
621 3671 779 3729 memorat
793 3662 997 3742 Plutarchus,
1022 3664 1072 3730 De
1095 3663 1151 3729 lib.
1176 3664 1268 3730 educ.
1294 3661 1355 3728 11Δ
1375 3679 1416 3740 sq.

259 3844 472 3854 ——...—

348 3949 369 4017 1)
388 3949 509 4018 Droysen
528 3946 605 4004 Alex.
627 3948 725 4015 (Gotha
737 3948 816 4018 1877)
835 3949 856 4017 1,
875 3965 900 4017 p.
920 3948 972 4002 242
984 3949 1044 4004 adn.
1064 3948 1169 4018 2putat
1182 3947 1322 4016 epistulam
1339 3947 1415 3998 datam

260 4051 320 4091 esse
337 4053 401 4091 vere
425 4052 466 4092 an.
486 4037 547 4092 333.
567 4037 600 4090 cf.
628 4037 708 4090 etiam
726 4037 860 4105 Sohaeier,
886 4036 1023 4090 Demosth.
1043 4053 1068 4092 n.
1088 4035 1162 4090 aeine
1181 4035 1238 4089 Zeit
1261 4037 1286 4092 2.
1304 4032 1414 4102 Ausgabe

259 4125 301 4178 111
318 4141 344 4194 p.
364 4127 416 4182 174
433 4125 493 4179 adn.
513 4129 544 4188 33
569 4124 670 4191 Flathe,
689 4125 786 4182 Gesch.
804 4125 904 4179 Maced.
928 4125 951 4193 I,
969 4141 995 4194 p.
1019 4124 1084 4192 2643
1108 4124 1214 4194 Baloch,
1238 4125 1289 4180 Die
1307 4122 1413 4179 Attische

260 4213 356 4268 Politil(
374 4213 424 4267 seit
441 4213 569 4281 Perikles,
587 4213 694 4282 Leipzig
713 4213 791 4282 1884,
809 4229 837 4281 p.
856 4213 919 4284 2453
938 4213 1027 4268 Pridik
1045 4213 1107 4268 ibid.
1126 4231 1150 4282 p.
1170 4215 1214 4272 23.
