3008 4614
775 91 839 159 136

378 289 454 366 Περὶ
478 287 509 348 ὄλ
531 296 586 350 τῶν
608 298 669 358 τοῖς
691 288 785 366 φίλοις
808 291 857 349 καὶ
885 299 945 358 τοῖς
973 285 1199 366 σωματοφύλαξι
1229 292 1394 368 νεμομένων

379 394 516 468 πλούτων,
539 396 636 474 ἡλίκον
659 391 733 476 εἶχον
764 390 865 477 ὄγκον,
899 398 1030 474 ἐμφαίνει
1060 395 1095 455 δι’
1121 396 1271 474 ἐπιπολῆς
1292 395 1395 472 Ὀλυμ·

379 496 458 573 πιάς,
492 497 523 577 ἣν
553 497 663 582 ἔγραψε
695 499 768 582 πρὸς
798 499 894 566 αὐτόν.
942 497 1085 584 „ullast
1116 503 1204 581 φησίν
1237 496 1287 583 „erl
1317 504 1396 563 ποίει

379 603 446 677 rodo
476 608 576 686 φίλους
607 610 656 668 καλ
684 606 813 679 ἐνδόξους
835 603 897 688 άγε·
929 615 978 668 νῦν
1000 607 1029 668 d'
1064 610 1251 689 ἰσοβασιλέας
1279 605 1396 679 πάντας

380 725 471 784 ποιεῖς
483 717 533 776 καλ
548 716 721 793 πολυφιλίας
735 711 966 796 παρασκευάζεις
977 716 1078 786 αὐτοῖς
1090 712 1191 778 ἑαυτὸν
1201 717 1233 776 dl
1246 716 1394 794 ἐρημοῖς,“

225 855 425 938 Quamquam
443 857 483 922 de
498 855 556 922 illa
572 854 758 923 Alexandri·
768 855 945 940 largitione
962 855 1060 922 etiam
1077 854 1231 924 falsarius
1247 855 1395 922 scribere

222 966 362 1046 poterat,
386 971 496 1029 tamen
519 981 585 1029 non
603 962 713 1029 dubito
738 962 816 1045 quin
832 962 971 1046 epistula
986 981 1067 1031 vera
1090 963 1143 1030 sit.
1155 963 1180 1049 ¹)
1196 979 1239 1027 ex
1254 981 1294 1029 ea
1307 961 1394 1027 enim

225 1067 307 1134 nihil
337 1069 457 1148 elucet,
490 1067 552 1136 nisi
582 1067 766 1135 sollicitudo
791 1069 906 1134 matris
928 1067 1077 1137 verentis
1100 1087 1142 1135 ne
1165 1067 1237 1149 quis
1260 1066 1320 1134 filii
1344 1067 1396 1133 sui

225 1173 362 1256 gloriam
397 1181 565 1257 aequaret,
603 1193 699 1255 quam
733 1173 984 1242 sollicitudinem
1009 1193 1185 1256 curamque
1208 1193 1327 1242 vereor
1351 1191 1392 1238 ne

225 1279 382 1348 falsarius
405 1286 474 1348 tam
497 1280 664 1363 praeclare
688 1286 723 1347 et
739 1280 932 1364 simpliciter
950 1281 1131 1364 exprimere
1154 1300 1220 1348 non
1239 1280 1395 1363 potuerit.

226 1386 385 1470 Quoniam
419 1399 530 1454 autem
566 1389 705 1470 epistula
736 1389 781 1454 ad
809 1387 1032 1454 Alexandrum
1067 1405 1133 1454 non
1160 1407 1310 1471 puerum,
1336 1388 1395 1453 sed

225 1512 335 1576 regem
349 1495 438 1561 data
461 1499 511 1561 est
534 1499 825 1577 argumentumque
848 1494 916 1579 eJus
939 1493 1045 1576 magis
1068 1511 1140 1560 cnm
1155 1494 1272 1563 matris
1295 1511 1394 1576 quam

224 1617 297 1667 cum
331 1599 437 1682 patris
460 1608 578 1667 natura
611 1599 775 1685 congruit,
801 1599 913 1668 Oicero
942 1600 997 1683 (de
1030 1598 1081 1666 off.
1104 1601 1149 1684 II,
1185 1599 1305 1688 15,53),
1338 1603 1393 1682 qui

224 1725 296 1773 eam
319 1725 340 1772 a
362 1706 513 1790 Philippo
537 1706 693 1790 scriptam
716 1725 788 1774 esse
810 1708 923 1787 tradit,
947 1712 1007 1772 arrt
1029 1705 1113 1772 falso
1138 1726 1208 1774 eam
1240 1706 1393 1789 Philippo

223 1812 342 1880 tribuit
370 1815 537 1896 verbaque
568 1811 728 1896 epistulae
763 1814 905 1881 mutauit
946 1817 1004 1880 aut
1036 1812 1136 1880 aliam
1171 1823 1270 1894 atque
1307 1813 1393 1878 hano

225 1918 428 2002 Olympiadis
451 1921 622 2003 epistulam
645 1921 747 2002 nouit,
772 1922 809 1984 nt
831 1919 981 1986 Pridicns
1005 1919 1096 2006 (ibid.
1120 1939 1150 2001 p.
1176 1916 1264 2003 134.)
1288 1922 1392 2001 putat.

224 2026 278 2092 Ad
300 2026 388 2092 hanc
411 2024 584 2109 epistulam
607 2026 804 2093 Plutarchus
828 2028 941 2093 eodem
963 2027 1034 2092 loco
1058 2026 1138 2092 haec
1161 2022 1326 2109 adjungit:

384 2145 532 2218 Πολλάκις
554 2151 584 2211 di
607 2163 727 2213 τοιαῦτα
750 2159 800 2228 τῆς
825 2148 1017 2228 Ὀλυμπιάδος
1045 2146 1213 2231 γραφούσης
1235 2146 1393 2229 ἐφύλαττεν

377 2252 536 2335 ’ἀπόρρητα
563 2253 600 2318 τά
630 2256 800 2338 γράμματα,
823 2253 905 2337 πλὴν
935 2253 1015 2330 ἅπαξ
1036 2260 1264 2336 Ἡφαιστίωνος,
1298 2252 1394 2330 ὥσπερ

300 2429 301 2432 ¹
385 2353 492 2444 εἰώθει,
516 2363 657 2424 λυθεῖσαν
680 2361 831 2442 ἐπιστολὴν
854 2365 933 2442 αὐτῷ
953 2363 1248 2445 συναναγινώσκοντος
1263 2362 1315 2424 οὐκ
1331 2357 1394 2424 ἑκά

384 2470 477 2541 λυσιν,
500 2467 576 2532 dud
597 2465 648 2531 ειλν
670 2465 822 2532 δακτύλιον
845 2467 1023 2548 ἀφελόμενος
1043 2467 1094 2532 adr
1117 2473 1209 2532 αὑτοῦ
1224 2474 1393 2550 προσέθηκε

384 2585 425 2654 νῷ
444 2579 552 2639 ἐκείνου
574 2571 696 2654 σιόμαπι
718 2573 769 2654 τὴν
792 2579 952 2656 σφραγῖδα.

230 2717 322 2800 Quae
353 2736 425 2785 cum
456 2719 497 2784 de
528 2716 600 2784 aliis
631 2723 700 2783 tum
729 2718 768 2783 de
796 2717 838 2784 iis
868 2715 1017 2799 epistulis
1048 2716 1138 2783 diota
1165 2717 1394 2799 santonibus

145 2813 146 2816 '
230 2824 399 2907 Olympias
428 2824 637 2906 Antipatrum
666 2823 936 2890 calumniabatur.
986 2824 1078 2890 Haec
1107 2823 1325 2890 Plutarchum
1353 2841 1393 2888 er

227 2929 311 2997 libro
334 2929 478 2997 auctoris
506 2930 558 2997 sui
581 2928 820 3013 deprompsisse
844 2937 995 3014 apparet;
1026 2931 1112 2996 unde
1144 2929 1257 3013 colligi
1286 2934 1393 3014 potest

228 3055 269 3103 ex
305 3036 417 3102 eodem
454 3037 540 3102 libro
577 3041 739 3119 sumptam
773 3053 844 3102 esse
878 3035 1082 3120 Olympiadis
1115 3036 1301 3118 episomam,
1333 3053 1394 3115 qua

229 3142 419 3208 Alexander
434 3141 619 3224 largitionis
635 3141 853 3226 insimulatur,
869 3161 965 3225 quam
981 3143 1157 3209 Kaerstius
1173 3161 1287 3225 parum
1304 3145 1392 3208 recte

229 3250 271 3314 ad
298 3247 373 3314 illac
401 3247 560 3330 epistulas
590 3247 717 3314 referre
746 3247 888 3333 videtur,
923 3267 1004 3330 quas
1027 3247 1147 3314 Zeuxis
1171 3254 1205 3315 et
1227 3248 1392 3330 Philippus

229 3364 263 3423 et
286 3354 456 3439 Olympias
479 3360 513 3421 et
536 3354 731 3422 Aristoteles
753 3356 843 3438 apud
865 3357 897 3424 J.
919 3355 1097 3435 Valerium,
1115 3355 1141 3440 1,
1160 3352 1180 3420 9
1196 3356 1237 3421 de
1252 3355 1392 3420 Alexan-

231 3461 283 3526 dri
300 3458 482 3542 largitione
504 3459 592 3527 inter
613 3479 650 3528 ue
673 3459 803 3528 dedisse
826 3460 988 3528 feruntur.

317 3567 397 3633 Illas
425 3565 593 3648 epistulas,
625 3565 740 3648 quibus
764 3563 933 3650 Olympias
966 3574 1024 3634 aut
1046 3566 1254 3650 Antipatrum
1278 3567 1391 3634 calum·

319 3796 343 3866 1)
362 3796 501 3850 Kacrstiua
530 3795 649 3866 (Forsch
673 3812 699 3865 p.
725 3795 939 3854 114etPhfl01.
967 3796 1004 3850 LI
1021 3813 1046 3865 p.
1071 3797 1124 3854 616
1142 3799 1194 3868 sq.)
1218 3798 1252 3851 da
1270 3793 1392 3865 epistulae

230 3875 464 3953 veritate‘dubitat
482 3883 601 3939 Pridious
620 3884 693 3953 (ibid.
711 3901 737 3954 p.
751 3884 803 3940 133
821 3885 873 3953 sq.)
887 3900 946 3940 eam
964 3899 1055 3939 veram
1081 3900 1140 3940 esse
1157 3885 1226 3942 dicit.
1255 3883 1392 3940 Schneider

231 3973 416 4043 (Gymnasium
444 3989 477 4028 au
504 3971 633 4043 Zwiohau,
659 3971 863 4031 Jahresberr'oht
891 3973 974 4042 1885)
1002 3974 1029 4027 et
1056 3973 1132 4042 hanc,
1161 3989 1186 4042 p.
1214 3973 1257 4042 29,
1285 3974 1313 4028 et
1333 3971 1390 4026 aliea

232 4060 395 4132 Olympiadis
410 4059 555 4130 ‹apishrlas,
579 4077 688 4130 quassp.
703 4064 750 4131 ab,
770 4078 801 4129 p.
820 4061 916 4131 -1a‚p.
937 4061 979 4131 21,
1005 4077 1030 4131 p.
1050 4061 1093 4130 27,
1117 4059 1390 4132 panormitan.

231 4153 257 4214 2,
277 4151 364 4222 affert,
383 4151 411 4204 in
428 4148 499 4204 ueris
517 4149 599 4218 ponit.
1266 4165 1271 4178 ·
