3016 4612
776 124 820 193 30

208 337 291 400 quae
324 321 413 402 apud
435 320 610 387 Arrianum
637 322 790 404 leguntur
819 319 979 404 repudiat.
1033 321 1155 389 Kaerst
1167 321 1189 407 ¹)
1219 319 1380 403 epistulas

209 426 363 506 quasdam
390 445 409 491 a
430 425 607 493 Plutarcho
623 426 766 493 traditas
782 416 816 492 in
840 425 1023 494 subdititiis
1047 431 1206 494 numerat.
1253 427 1380 512 loeus)

208 531 291 598 elias
315 531 474 613 epistulas
499 551 540 599 ex
562 531 603 598 iis
626 531 721 599 fiotas
743 550 815 600 esse
839 539 943 615 putat,
968 551 1052 614 quae
1068 550 1177 598 rerum
1200 531 1380 614 scriptores

208 635 420 720 tradiderint,
445 635 528 704 alias
551 655 593 702 ex
615 636 666 720 iis,
692 655 775 719 quae
799 637 923 720 posteri
945 636 1045 705 fando
1069 635 1267 719 acceperint.
1307 636 1379 719 Quo

207 748 321 808 autem
345 741 480 810 oonsilio
497 759 557 808 eae
580 741 677 809 lictae
700 742 775 822 sint,
800 742 941 826 intelligi
959 762 1055 824 posse
1078 749 1194 826 negat3
1217 743 1280 808 hoc
1304 761 1380 808 eon·

207 850 299 914 stare
323 865 384 916 eas
405 853 496 914 ortas
520 865 591 916 esse
614 866 656 914 ex
679 846 797 916 studiis
819 847 906 916 artis
927 847 1058 916 dicendi
1080 846 1290 934 falsariisque
1313 847 1379 914 for-

209 956 297 1018 tasse
332 951 366 1018 in
401 952 510 1019 animo
544 951 646 1018 fuisse
679 971 790 1020 rerum
825 953 1007 1020 Alexandri
1041 959 1209 1036 gestarum
1244 953 1378 1038 maioris

208 1058 380 1142 momenti,
412 1061 504 1126 vitae
532 1059 603 1142 ejus
633 1057 838 1140 rationisque
867 1056 1068 1140 reipublicae
1097 1058 1378 1126 administrandae

208 1161 383 1246 imaginem
419 1163 610 1248 exprimere.
666 1167 759 1232 Haeo
793 1164 983 1246 Kaerstins‚
1022 1165 1078 1248 qui
1111 1165 1200 1232 haud
1233 1164 1300 1232 seio
1335 1183 1385 1258 au

208 1269 330 1336 nemini
352 1272 554 1352 persuadeat
574 1269 741 1336 exstitisse
764 1270 928 1354 fabarios,
953 1272 1009 1352 qul
1024 1272 1065 1338 de
1080 1269 1242 1338 industria
1258 1289 1379 1338 memo·

208 1375 259 1440 ria
289 1376 461 1458 explorata
495 1376 549 1443 vel
579 1393 634 1442 res
668 1384 780 1459 gestas
809 1377 866 1445 vel
898 1376 1001 1446 vitam
1031 1379 1177 1443 virorum
1216 1378 1377 1444 clarorum

208 1480 357 1563 epistulis
388 1481 482 1562 quasi
517 1481 656 1548 historia
687 1483 843 1549 contiuua
874 1488 1092 1565 exponerent,
1128 1483 1215 1563 quod
1246 1482 1380 1563 quidam
1507 1531 1508 1534 ,

207 1587 241 1652 in
265 1585 413 1668 subditis,
443 1605 527 1666 quae
558 1596 699 1671 exstant,
732 1587 879 1669 epistulis
908 1589 1002 1654 nobis
1029 1607 1093 1654 non
1125 1589 1277 1655 occurrit.
1323 1587 1383 1676 01-1

210 1692 342 1779 Oroixl)
366 1693 488 1760 nullam
512 1693 735 1774 quaestionem
751 1692 931 1760 dissolvere
955 1699 1022 1759 tam
1039 1691 1173 1760 dilioile
1196 1709 1270 1760 esse
1284 1693 1376 1779 dioit,

209 1815 306 1878 quarn
340 1799 457 1865 harum
492 1798 705 1880 epistularum
740 1800 916 1868 veritatem
951 1797 1152 1864 confirmare.
1210 1797 1378 1882 Heersn⁴t

205 1904 329 1971 ‘Erant
342 1904 431 1987 forte’
455 1903 564 1983 inquit
582 1906 650 1986 ‘pat'
672 1905 711 1970 de
730 1903 889 1984 γιησιόιηιι
911 1923 1020 1968 sanem
1035 1904 1223 1985 0000661611,
1248 1893 1293 1970 α’
1307 1906 1378 1970 sloe-

209 2017 313 2076 torum
336 2011 470 2093 officina
493 2010 725 2090 easprodisos
752 2011 939 2076 existiment.
987 2009 1125 2078 namna
1149 2015 1256 2076 tomen
1278 2012 1319 2077 de
1338 2031 1380 2076 aa

209 2117 365 2182 dubitarit
394 2115 613 2197 Platorolats,⁶
645 2135 701 2182 rtet
731 2116 768 2180 ia
797 2117 955 2194 ommibus,
988 2135 1067 2197 quoe
1097 2118 1376 2200 aeimmolavit,

209 2223 381 2306 quidquam
403 2223 539 2298 moenio,
564 2221 647 2304 quod
668 2221 828 2286 rhetorum
850 2221 973 2288 scholae
995 2221 1144 2301 redoleat,
1175 2241 1214 2286 ao
1236 2221 1377 2288 Alaen-

208 2329 261 2392 drs'
282 2329 409 2410 inpendo
436 2327 604 2409 sodlpoom
637 2327 701 2392 diei
717 2326 841 2408 possit.
887 2327 959 2392 Nou
990 2326 1086 2392 eliter
1110 2326 1239 2410 judicat
1269 2326 1312 2392 de
1335 2325 1377 2394 iis

208 2431 380 2518 Sehoolm).
435 2432 626 2517 Droysene)
660 2432 744 2500 alias
775 2432 809 2498 in
840 2431 931 2500 veris
962 2437 1131 2516 numerat,
1169 2431 1252 2500 alias
1283 2431 1377 2499 dnbi-

208 2535 327 2604 tatioui
355 2538 511 2604 obnoxias
540 2556 612 2604 esse
642 2537 732 2605 dieit.
778 2538 868 2604 Idem
877 2537 905 2622 ⁷)
933 2543 967 2603 et
994 2535 1093 2604 Geier
1105 2537 1132 2622 ⁸)
1162 2546 1195 2604 et
1217 2536 1377 2622 Flathel)

299 2731 320 2795 ¹)
338 2730 525 2799 Forsohungen
544 2746 592 2783 zur
610 2729 705 2786 Gesoh.
724 2729 801 2784 Alex.
820 2730 867 2784 des
887 2729 1002 2784 Grossen
1019 2746 1045 2798 p.
1066 2729 1117 2786 107
1136 2745 1194 2798 sqq.

297 2818 317 2887 ')
335 2816 494 2887 Philologus,
513 2817 558 2886 LI,
578 2817 656 2874 1300.
674 2833 699 2886 p.
718 2817 771 2873 620
789 2832 828 2885 sq.

297 2905 457 2974 'lllxamen
484 2906 594 2973 enitique
619 2905 666 2960 des
693 2904 800 2959 anoiens
824 2904 963 2960 historiens
991 2905 1095 2961 d’Alex.
1113 2905 1141 2960 le
1167 2905 1265 2962 Grand.
1301 2905 1377 2960 Paria

208 2993 286 3050 1804.
304 3010 329 3062 p.
343 2995 387 3052 46.

295 3082 317 3149 ⁴)
335 3081 451 3150 Hoeren,
464 3083 506 3137 De
519 3083 636 3137 lontibus
649 3085 676 3136 et
687 3083 842 3137 austeritate
854 3082 930 3140 vitat.
943 3080 1061 3150 parallel.
1073 3081 1216 3137 Plutarohi.
1236 3081 1379 3150 Gottingae

208 3171 278 3226 1820
295 3186 320 3238 p.
339 3171 382 3227 60.

296 3258 318 3328 ⁵)
337 3257 449 3320 Behoell,
470 3258 566 3313 Gesoh.
585 3259 610 3312 d.
630 3258 733 3314 Grieoln
752 3259 815 3312 Litt
835 3258 970 3312 iibersetnt
982 3273 1034 3311 son
1053 3256 1159 3312 Pindos.
1178 3256 1277 3324 Berlin,
1299 3255 1375 3313 1830.

206 3345 255 3400 Bd.
274 3345 310 3415 11,
329 3362 354 3415 p.
374 3347 435 3400 399.
545 3351 549 3360 “

295 3433 316 3503 ⁶)
335 3435 465 3501 Droysen,
484 3432 561 3488 Alex.
581 3434 680 3503 (Getha
698 3435 779 3503 1377)
800 3435 834 3488 Π.
852 3449 877 3503 p.
897 3434 950 3492 000
976 3449 1034 3503 sqq.
1054 3434 1086 3489 ei.
1105 3433 1166 3487 ibid.
1185 3450 1210 3502 p.
1230 3433 1248 3488 6
1266 3434 1326 3488 adn.
1347 3436 1376 3504 1;

206 3539 232 3591 p.
251 3526 305 3580 310
323 3523 381 3577 adn.
401 3526 428 3590 13
447 3523 544 3577 ibidem
562 3523 584 3592 Ι,
603 3540 629 3592 p.
649 3525 701 3579 Μ
719 3525 779 3578 adn.
800 3526 823 3577 1.

298 3610 402 3677 ⁷libid.
421 3611 456 3679 Π,
475 3628 500 3680 p.
520 3611 573 3668 036
586 3627 686 3680 sq.;·p.
705 3611 758 3668 268
776 3612 835 3666 adn.
856 3612 884 3681 l;
903 3627 929 3679 p.
947 3611 1002 3670 073
1019 3626 1076 3679 sq.;
1096 3627 1121 3679 p.
1141 3612 1195 3668 318
1206 3625 1259 3680 sq.;
1278 3628 1305 3680 p.
1324 3613 1377 3668 336

206 3701 266 3755 adn.
286 3701 309 3754 3.
329 3699 406 3755 Alex.
426 3699 528 3768 (Berlin
542 3702 625 3770 1883)
644 3719 671 3769 p.
690 3700 757 3770 138;
778 3699 842 3769 141;
863 3701 929 3768 155;
950 3700 1003 3755 174
1015 3701 1075 3754 adn.
1090 3699 1136 3768 ss,
1159 3700 1211 3756 176
1218 3723 1225 3769 ;
1245 3699 1298 3756 170
1315 3699 1376 3754 adn.

207 3787 254 3856 293
274 3786 338 3858 214;
357 3787 425 3851 091;
444 3789 497 3846 367
515 3789 576 3844 adn.
594 3789 642 3859 893
661 3789 715 3845 303
731 3789 792 3843 adn.
809 3789 858 3854 453
876 3787 930 3844 493
948 3801 1001 3858 sq.;
1021 3788 1081 3844 627.

296 3875 318 3944 ⁸)
338 3875 413 3932 Alex.
431 3875 467 3930 Μ.
486 3877 547 3932 hist.
573 3877 662 3946 senipt.
686 3892 712 3945 p.
737 3875 834 3930 XXIV
841 3899 847 3945 ;
866 3892 892 3944 p.
910 3875 1004 3947 xxo,
1030 3893 1056 3945 p.
1079 3876 1184 3948 xxva
1204 3893 1230 3946 p.
1253 3876 1301 3947 02;
1325 3876 1362 3934 89

205 3964 267 4021 093.
286 3966 313 4017 et
331 3963 407 4018 Alex.
426 3966 481 4018 und
499 3965 607 4020 Aristrt.
626 3964 654 4017 in
672 3965 748 4018 ihren
766 3979 873 4033 pegam
892 3963 1088 4034 Benielsuugen,
1107 3964 1359 4033 mellatenam?

132 4048 135 4055 ¹
205 4043 1237 4123 68;83;86;91;121;118;166;163;166;064;017;216;138.

295 4139 316 4209 ⁹)
336 4140 494 4194 Gesohiohte
512 4140 706 4196 llaesdouiens.
727 4140 804 4209 1830,
822 4141 837 4195 Ι
855 4159 879 4211 p.
899 4141 967 4210 061;
986 4141 1039 4197 363
1057 4141 1118 4195 adu.
1138 4144 1162 4197 1.
