3008 4614
21 58 27 179 l

21 181 26 330 ,
630 193 670 259 n

80 392 188 456 Persas
204 394 413 471 creaverunt,
439 391 479 456 de
492 388 612 459 divinis
627 389 805 455 honoribus
821 389 883 456 sibi
896 388 1080 456 tribuendis
1092 390 1239 456 scribere

21 511 22 514 ’
81 501 207 580 poterat,
232 513 338 576 neque
362 503 435 562 erat
459 514 516 562 cur
540 495 795 562 Lacedaemonii
818 497 859 561 de
883 495 934 561 his
957 495 1135 562 honoribus
1159 495 1238 561 deli·

21 633 22 638 1
81 605 233 670 berarent.
283 602 337 668 Ad
364 603 425 668 has
449 601 607 684 epistulas
635 601 807 685 fingendas
830 621 943 669 ansam
971 601 1101 668 dedisse
1126 601 1237 668 riden-

20 739 22 766 =
81 716 127 774 tur
147 702 336 790 rogationes
360 709 400 774 de
424 707 607 775 Alexandri
631 708 885 792 consecratione,
917 726 998 787 quas
1027 709 1089 774 etsi
1113 707 1238 774 concio·

20 769 25 898 i
81 823 200 880 ratores
222 814 398 897 populares
432 815 519 879 ultro
547 813 665 880 tulisse
694 815 855 893 videntur,
884 818 995 880 tamen
1023 811 1157 879 fuerunt
1184 814 1239 894 qui

82 921 217 986 dicerent
240 920 463 986 Alexandrum
486 919 622 1002 jussisse
645 919 708 987 sibi
724 919 852 988 divinos
868 920 1008 987 honores
1024 919 1134 1000 tribui,
1153 922 1238 986 unde

20 1023 22 1040 “
83 1035 110 1092 et
129 1026 286 1108 epistulae
310 1025 535 1108 produxerunt
558 1033 592 1092 et
607 1027 895 1110 apophthegmata,
920 1043 1002 1107 quae
1024 1028 1067 1092 ad
1083 1026 1239 1107 epistulas

20 1185 22 1232 ,
85 1132 227 1214 adjnncta
251 1139 336 1198 sunt.
383 1133 459 1198 Alia
482 1137 547 1198 tam
572 1134 685 1214 inepta
702 1140 787 1215 sunt,
810 1143 847 1198 ut
870 1152 911 1199 ne
927 1133 1085 1199 memoria
1108 1132 1239 1213 quidem

20 1233 22 1334 l
84 1239 170 1321 digua
193 1257 264 1305 esse
287 1237 479 1305 videantur:
503 1255 608 1320 neque
632 1239 716 1304 enirn
735 1245 785 1305 ast
809 1239 862 1319 qui
886 1240 1000 1305 credat
1016 1239 1240 1305 Alexandrum

20 1341 22 1404 l
84 1363 112 1409 se
132 1343 163 1409 in
186 1344 391 1426 Euphratem
414 1343 636 1429 praecipitare
659 1347 809 1429 voluisse,
845 1357 881 1411 ut
907 1347 942 1410 in
972 1345 1095 1411 coelum
1126 1363 1238 1428 recep·

81 1459 126 1515 tus
148 1467 220 1516 asse
244 1449 461 1536 putaretur,¹)
484 1461 543 1517 aut
567 1470 639 1517 eum
664 1459 730 1518 tam
755 1453 890 1518 stultum
908 1451 1019 1530 foisse,
1045 1459 1082 1517 ut
1104 1450 1189 1516 idem
1207 1459 1240 1517 et

81 1555 229 1622 Hammon
261 1562 318 1622 aut
342 1556 532 1622 Hammonis
557 1557 643 1624 lilius
675 1565 709 1624 et
732 1557 893 1623 Hercules
925 1562 960 1623 et
989 1557 1171 1624 Mercurius
1195 1564 1238 1639 et,

83 1661 262 1729 incredibile
286 1661 384 1740 dictu,
407 1662 516 1728 Diana
540 1681 612 1730 esse
636 1662 775 1747 vellet2)
820 1665 872 1730 Ex
894 1664 955 1745 hie,
974 1681 1057 1743 quae
1082 1681 1240 1730 cummen-

80 1767 150 1834 ticio
173 1787 245 1836 esse
269 1768 368 1834 etiam
399 1788 497 1835 caeco
522 1777 670 1851 apparet,
695 1769 838 1851 intelligi
858 1775 977 1851 petest,
1007 1788 1102 1850 quam
1134 1771 1240 1836 multa

80 1875 216 1941 homines
241 1877 281 1940 de
305 1876 368 1940 hac
391 1894 427 1941 re
450 1875 617 1941 finxerint,

157 1997 292 2083 Majoris
315 2000 469 2065 momenti
491 1999 688 2082 testimonia,
713 1999 829 2080 quibus
844 2000 1001 2081 probetur
1016 1999 1240 2065 Alexandrum

83 2105 215 2173 uoluisse
248 2107 272 2172 J
274 2104 344 2172 ovis
372 2105 473 2172 filium
502 2125 537 2172 se
573 2106 745 2188 appellari,
769 2105 828 2171 illa
851 2123 922 2173 esse
956 2106 1119 2184 ridentur,
1155 2123 1240 2186 quae

81 2213 157 2294 apud
180 2209 391 2297 scriptores3)
416 2212 456 2278 de
480 2211 723 2295 Macedonibus,
756 2212 851 2298 Clito,
876 2211 1052 2278 Hermolao
1075 2211 1239 2293 leguntur,

82 2320 128 2396 qui
150 2318 372 2384 Alexandrum
397 2317 470 2384 ideo
495 2319 747 2402 reprehendisse
772 2319 933 2402 dicuntur,
970 2317 1054 2399 quod
1078 2337 1114 2383 se
1141 2320 1240 2384 Ham-

82 2441 164 2489 mone
199 2427 346 2507 genitum
379 2443 452 2490 esse
488 2423 701 2492 existimaret.
748 2427 794 2490 At
829 2415 857 2490 si
892 2423 1155 2492 consideraveris
1191 2443 1239 2505 ea,

85 2547 157 2608 quae
191 2531 331 2597 antistes
368 2530 531 2614 edixerat,
572 2532 761 2597 adulatores
794 2531 1087 2614 pervulgareraut,
1122 2529 1156 2594 in
1185 2547 1241 2596 ore

82 2636 210 2703 omnium
225 2644 328 2721 erant,
342 2638 383 2702 ab
395 2637 446 2702 bis
458 2637 641 2703 hominibus
652 2638 704 2702 ira
715 2635 925 2702 inflammatis
939 2634 1128 2701 Alexandro
1140 2633 1240 2700 facile

82 2741 164 2825 vitio,
188 2741 216 2807 si
236 2743 330 2808 modo
346 2741 463 2809 vitium
488 2747 570 2822 arat,
595 2743 682 2810 verti
706 2741 860 2825 potuisse,
885 2759 950 2807 non
973 2741 1107 2806 multum
1131 2748 1240 2807 aucto-

85 2847 183 2914 ritotis
220 2847 333 2914 verbis
369 2866 482 2913 eorum
512 2849 719 2915 tribuendum
751 2848 823 2914 erit.
871 2847 943 2929 Illa,
975 2865 1059 2927 quae
1091 2846 1240 2913 Philotas

84 2971 147 3019 curn
169 2975 204 3021 se
229 2961 402 3022 excusaret
426 2953 547 3021 dixisse
571 2954 686 3038 fertur,
712 2973 835 3022 verane
851 2973 894 3018 an
911 2953 997 3019 falsa
1013 2953 1146 3036 fuerint,
1170 2953 1240 3035 ipse

84 3060 202 3128 Curtius
231 3062 302 3147 (VI,
331 3061 391 3145 XI,
417 3061 474 3147 43)
507 3063 659 3128 dubitare
694 3063 835 3128 videtur.
882 3061 922 3126 In
958 3059 1109 3142 epistula,
1145 3077 1241 3140 quam

84 3175 160 3234 teste
195 3168 306 3235 Curtio
331 3167 406 3253 (VI,
444 3167 509 3250 IX,
546 3167 601 3254 34)
649 3167 839 3234 Alexander
878 3166 919 3231 ad
953 3164 1117 3232 Philotam
1152 3165 1243 3232 dedit

85 3291 269 3354 quamquam
303 3273 394 3355 nibil,
434 3281 470 3338 ut
493 3275 633 3354 videtur,
662 3274 852 3339 Alexander
886 3275 1074 3354 scripserat,
1099 3271 1164 3338 nisi
1192 3291 1240 3355 ea,

85 3397 159 3457 quae
182 3381 322 3446 antistes
347 3378 504 3462 ediderat,
530 3385 640 3446 tamen
657 3380 789 3446 Curtius
813 3377 946 3463 (ibidem
973 3397 998 3443 c.
1014 3379 1056 3459 X,
1081 3376 1137 3464 39)
1161 3379 1243 3444 haec

85 3481 156 3550 facit
178 3486 341 3552 Philotam
367 3483 528 3552 dicentem
555 3487 609 3550 ‘At
632 3488 715 3551 euim
737 3487 862 3567 ammai,
887 3487 1030 3552 uberat
1052 3507 1101 3550 me
1124 3507 1240 3564 eorum,

86 3593 187 3671 mihera
215 3594 382 3660 ohtradum
416 3599 493 3660 esset
526 3593 583 3659 aab
607 3614 656 3673 co,
692 3596 746 3675 qui
768 3614 801 3658 se
834 3592 925 3658 Jocis
947 3593 1052 3675 filiecm
1086 3591 1240 3657 crederet!

86 3750 285 3765 Ἤ

165 3840 184 3908 1)
202 3841 236 3893 oi.
256 3841 316 3895 Arr.
336 3839 398 3907 VII,
418 3839 486 3908 27³.
524 3839 616 3893 Zonar.
635 3838 682 3906 IV,
703 3839 745 3893 14.

166 3943 188 4012 ¹)¹
203 3945 327 4000 Clemens
346 3945 543 4001 Alexandrinus
564 3944 670 3998 Cohort.
689 3944 722 3997 ad
740 3945 834 4011 gentes
852 3942 904 3996 rol.
923 3941 938 3994 1
960 3957 985 4010 p.
1006 3941 1057 3995 149
1082 3941 1120 3994 ed.
1140 3941 1242 4012 Migne;

88 4029 211 4102 llpbippus
229 4035 298 4104 apud
317 4034 486 4088 Athenaeum
503 4033 569 4101 XII,
588 4034 722 4102 Aspera

166 4139 186 4208 ³)
205 4141 312 4195 brosor.
340 4139 430 4194 xvh.
460 4139 552 4207 maa
576 4139 673 4192 ausen.
698 4141 762 4206 x11,
793 4139 866 4207 11,e;
897 4137 969 4190 eure.
997 4135 1072 4204 vin,
1099 4135 1153 4202 ae,
1180 4135 1242 4190 reru.

20 4227 21 4285 l
89 4240 106 4279 ο.
122 4227 178 4298 VH,
196 4231 244 4296 253
264 4229 334 4284 Plut.
354 4229 399 4284 vit
419 4227 496 4282 Alex.
516 4227 545 4280 h.
