3008 4614
694 121 755 188 109

4 294 6 358 ῗ
135 313 216 382 ieci.
255 316 351 383 Illam
368 315 542 398 epistulam
557 315 653 384 affert
669 317 871 401 Augustinus
887 336 924 386 eo
940 318 1053 406 10001),
1076 338 1137 400 quo
1154 319 1304 387 fabulosa

134 422 307 507 theologia
330 432 365 489 et
388 423 502 504 civilis,
528 443 676 505 quaeque
693 426 799 492 Varro
823 445 863 492 ex
878 425 929 492 bis
945 426 1047 492 sacris
1070 425 1305 508 interpretatus

135 528 194 600 sit,
218 533 252 594 et
275 547 323 612 ea,
349 547 433 610 qnae
454 531 561 596 Numa
585 531 765 613 Pompilius
798 549 908 597 seeum
933 532 1119 614 sepeliendo
1148 534 1304 599 abscondi

134 634 317 719 curaverit,
339 635 517 704 Platonicis
540 637 739 721 philosophis
764 639 881 704 cedere
901 639 1006 723 jubet.

247 741 287 807 In
320 759 357 808 00
392 760 514 826 genere
548 749 625 810 sunt
663 743 762 809 etiam
796 743 866 823 illa,
900 763 1081 826 ...quae
1114 744 1304 811 Alexander

247 849 383 916 Macedo
421 850 537 916 scribit
572 852 615 917 ad
652 861 806 936 matrem,
846 850 908 917 sibi
942 871 962 917 a
999 870 1116 934 magno
1156 850 1304 917 antistite

246 972 415 1021 sacrorum
444 955 677 1039 Aegyptiorum
712 958 851 1038 quodam
884 956 995 1023 Leone
1029 955 1216 1039 patefacta:
1250 957 1305 1024 ubi

245 1079 308 1125 non
347 1061 446 1129 Picus
477 1067 511 1128 et
547 1063 682 1129 Faunus
712 1113 719 1129 .
744 1110 751 1124 .
841 1115 880 1131 ..
911 1063 995 1130 etsi
1026 1082 1105 1146 quos
1142 1065 1225 1131 alios
1263 1083 1304 1130 ex

247 1168 437 1235 mortalibus
472 1189 529 1252 pro
565 1169 627 1236 diis
657 1172 794 1254 babent,
830 1173 888 1238 sed
916 1171 981 1255 ipsi
1014 1173 1112 1239 etiam
1147 1170 1304 1253 maJ'ornm

246 1273 392 1356 gentium
424 1274 470 1342 dli
500 1329 507 1342 .
533 1326 572 1342 ..
604 1275 750 1360 Jupiter,
782 1276 885 1359 Juno,
918 1279 1093 1360 Saturnus,
1125 1276 1302 1358 Vulcanus,

246 1382 358 1463 Vesta,
388 1381 505 1447 etalii
535 1382 676 1464 plurimi,
701 1436 708 1450 .
734 1434 773 1449 ..
805 1382 951 1449 homines
983 1379 1084 1451 fuisse
1112 1383 1302 1468 produntur.

247 1487 379 1553 'fimens
409 1488 495 1554 enim
527 1495 561 1555 et
593 1489 649 1555 ille
680 1489 773 1570 quasi
803 1490 952 1556 revelata
982 1490 1153 1572 mysteria,
1187 1497 1303 1573 petens

246 1595 399 1660 admonet
436 1595 675 1680 Alexandrum,
718 1605 754 1661 ut
793 1615 864 1663 cum
904 1614 944 1662 ea
981 1595 1079 1661 matri
1118 1597 1303 1678 conscripta

245 1699 471 1783 insinuaverit,
495 1699 633 1767 fiammis
654 1701 768 1784 jubeat
791 1701 1002 1768 concremari.

4 1785 5 1834 ³
136 1806 294 1891 Ejusdem
330 1807 489 1889 epistulae
523 1808 720 1874 mentionem
757 1807 839 1874 iacit
868 1808 1072 1890 Augustinus
1104 1807 1201 1874 etiam
1237 1805 1302 1873 alio

134 1911 251 1996 10002),
275 1913 330 1979 ubi
353 1920 526 1996 postquam
549 1914 632 1981 dixit
654 1934 717 1995 quo
733 1903 1023 1982 modo'ObristIani
1046 1919 1211 1997 martyras
1228 1931 1304 1979 suos

136 2021 295 2102 colerent,
320 2019 367 2085 sio
388 2022 509 2103 pergit:

246 2126 328 2191 Nam
354 2126 394 2191 de
418 2125 506 2193 Iside
529 2145 630 2194 uxore
647 2125 760 2209 Osiris,
785 2127 951 2209 Aegyptia
975 2128 1048 2210 dea,
1072 2133 1105 2193 et
1130 2128 1170 2193 de
1187 2143 1303 2209 paren-

245 2234 333 2299 tibus
357 2250 478 2316 eorum,
503 2234 560 2314 qui
583 2251 694 2299 omnes
716 2245 814 2316 reges
838 2231 939 2300 inisse
963 2236 1157 2316 scribuntur,
1189 2232 1304 2314 quibus

246 2339 436 2421 parentibus
474 2340 540 2406 suis
577 2339 635 2407 illa
677 2358 750 2406 cum
788 2340 1007 2427 sacrificaret,
1045 2339 1173 2407 invenit
1210 2339 1302 2405 ordei

245 2452 399 2528 segetem,
423 2454 519 2526 atque
534 2445 611 2512 inde
634 2449 742 2530 spicas
756 2447 873 2513 marito
888 2447 961 2529 regi
976 2455 1009 2514 et
1032 2448 1101 2530 ejus
1115 2445 1299 2513 consiliario

243 2552 405 2620 Mercurio
422 2553 670 2637 demonstravit,
694 2555 780 2619 nnde
799 2555 933 2620 eandem
958 2561 993 2620 et
1008 2553 1159 2619 Cererem
1173 2552 1299 2631 volunt,

245 2676 328 2739 quae
352 2666 386 2724 et
409 2662 534 2740 quanta
556 2659 651 2742 mala,
676 2678 777 2725 nona
800 2661 914 2744 poetis,
939 2662 997 2728 sed
1020 2657 1166 2743 mysticis
1189 2675 1300 2724 eornm

244 2763 363 2832 litteris
386 2765 560 2833 memoriae
583 2767 739 2833 mandata
762 2768 838 2846 sint,
871 2769 963 2850 sicut,
991 2767 1102 2832 Leone
1131 2765 1300 2833 sacerdote

243 2873 421 2954 prodente,
457 2872 499 2937 ad
530 2871 758 2953 Olympiadem
790 2877 928 2938 matrem
959 2872 1073 2939 scribit
1102 2871 1299 2950 Alexander,

244 2979 355 3059 legant
378 2977 433 3060 qni
455 2977 571 3047 volunt
593 2980 648 3045 vel
663 2986 809 3061 possunt,
835 2987 868 3045 et
890 2982 1040 3046 recolant
1063 2979 1119 3061 qui
1133 2979 1299 3061 legerunt3

245 3092 278 3151 et
309 3085 445 3154 videant
476 3084 594 3165 quibus
627 3085 810 3153 hominibus
843 3089 993 3170 mortuis,
1025 3087 1081 3154 vel
1112 3087 1152 3152 de
1182 3083 1299 3166 quibus

244 3209 354 3258 eorum
377 3190 473 3259 iactis
497 3197 653 3272 tanquam
676 3190 739 3258 uiis
762 3211 856 3259 sacra
879 3191 1004 3260 fuerint
1026 3192 1189 3260 instituta.

4 3305 5 3312 '
134 3318 211 3398 Alio
234 3315 339 3404 looo³)
363 3317 565 3402 Augustinus
587 3323 757 3401 postquam
780 3317 882 3385 falsas
904 3318 1068 3385 hominum
1094 3317 1300 3401 conjecturas

136 3426 177 3490 de
193 3424 323 3508 generis
337 3423 500 3491 humanae
515 3427 635 3490 natura
650 3424 704 3492 val
718 3423 925 3492 institutione
939 3423 1073 3504 refellit,
1099 3425 1300 3490 demonstrat

133 3529 283 3597 homines
300 3529 400 3596 ctiam
415 3529 674 3597 mendacissimis
698 3529 891 3612 quibusdam
906 3530 1026 3598 litteris
1042 3530 1159 3616 decipi,
1184 3529 1299 3610 quibus

136 3642 253 3704 contra
269 3636 500 3703 auctoritatem
515 3635 757 3704 notissimorum
769 3637 1017 3720 divinorumque
1031 3638 1187 3704 librorum
1202 3636 1297 3703 fidem

1 3728 5 3737 ’
134 3763 200 3810 non
223 3743 406 3809 habendam
429 3759 501 3809 esse
525 3743 630 3809 docet.
676 3744 726 3809 De
750 3762 815 3824 qua
842 3759 879 3809 re
903 3743 1048 3826 disputat
1070 3742 1135 3810 alio
1151 3741 1296 3827 ejusdem

133 3904 347 3916 ——

226 3991 246 4060 ¹)
265 3989 404 4059 Augustin.
440 3990 482 4044 De
500 3990 570 4044 civit
589 3991 638 4044 Dei
657 3991 733 4062 VIII,
751 3994 778 4046 b.

225 4078 246 4150 ¹)
263 4079 304 4134 Da
323 4079 393 4135 civit.
411 4079 462 4134 Dei
479 4080 555 4136 VIII.
574 4080 617 4137 27.
757 4093 760 4098 ’

225 4169 246 4238 ⁸)
263 4169 304 4223 De
322 4168 393 4226 civit.
413 4169 464 4224 Dei
481 4168 545 4240 XII,
565 4169 606 4227 10.
