3016 4612
112 1212 237 1265 Virorum
256 1211 390 1265 doctorum
410 1210 443 1265 de
462 1210 636 1280 epistularum
654 1211 769 1265 fontibus
788 1211 935 1266 sententiae
990 1251 996 1263 .
1069 1250 1076 1264 .
1149 1248 1156 1264 .

112 1300 213 1354 Rerum
231 1300 371 1368 scriqtores
392 1299 539 1354 Alexandri
556 1299 681 1368 aequales
700 1300 825 1368 epistulas
849 1300 989 1364 memoriae
1012 1299 1156 1368 prodidisse

14 1453 16 1458 J
112 1389 154 1443 De
173 1389 387 1458 ephemeridibus
433 1429 1155 1446 ..........

113 1478 212 1533 Rerum
232 1477 372 1547 scriptores
391 1478 535 1532 Alexandri
547 1477 671 1547 aequales
689 1476 816 1546 epistulis,
836 1493 900 1546 quas
920 1477 1072 1532 Alexander
1084 1476 1156 1531 dedit

221 1575 250 1624 et
269 1568 376 1636 accepit,
395 1567 434 1620 nti
453 1567 569 1636 potuisse

112 1656 228 1709 Eosdem
247 1656 387 1725 scriptores
405 1656 469 1725 ipsis
487 1655 631 1710 Alexandri
650 1655 769 1724 epistulis
787 1670 849 1710 usos
868 1670 926 1710 esse
990 1696 996 1708 .
1070 1697 1076 1709 .
1149 1698 1155 1713 .

114 1743 252 1808 Quomodo
271 1743 309 1797 illi
327 1746 468 1813 scriptores
486 1744 613 1816 epistulas
630 1744 658 1798 in
676 1759 754 1797 nsum
773 1759 850 1798 sunm
869 1744 1046 1798 converterint
1071 1786 1077 1800 .
1150 1785 1156 1798 .

113 1834 194 1903 Apud
206 1833 327 1901 antiquos
342 1834 422 1886 moris
437 1833 520 1888 tuisse
540 1832 666 1902 epistulas
678 1832 711 1886 ab
723 1832 763 1902 iis,
777 1833 822 1900 qni
831 1835 997 1901 acceperunt,
1007 1831 1156 1887 conservari

112 1921 154 1973 De
175 1920 345 1989 epistularum
364 1923 515 1991 corporibus
956 1933 958 1942 ⁴

115 2012 229 2066 Veteres
248 2011 388 2079 scriptores
407 2010 488 2066 falsas
506 2014 534 2066 et
556 2026 632 2065 veras
655 2009 781 2080 epistulas
804 2009 961 2080 plerumque
982 2009 1156 2077 internovisse

114 2099 155 2152 De
175 2099 247 2152 vocis
267 2094 297 2150 αἱ
311 2098 449 2152 ἐπιστολαὶ
466 2101 536 2169 apud
554 2099 727 2157 Plutarchum
746 2099 933 2168 significatione
987 2141 995 2155 .
1068 2139 1075 2155 .
1148 2138 1155 2153 .

115 2189 188 2252 Quae
213 2187 341 2256 epistulae
367 2205 402 2242 ex
425 2189 498 2242 libris
522 2205 611 2242 rernm
637 2188 792 2256 scriptorum
821 2187 966 2242 Alexandri
998 2187 1156 2256 aequalium,

221 2293 289 2344 quae
308 2293 341 2331 ex
361 2277 532 2346 epistularum
551 2276 702 2345 corporibus
721 2278 890 2346 depromptae
908 2278 962 2330 sint
989 2317 995 2330 .
1069 2318 1075 2331 .
1150 2318 1155 2331 .

115 2364 174 2430 Qua
191 2366 292 2420 ratione
310 2365 468 2420 Plutarchus
487 2364 607 2435 epistulis
625 2380 689 2420 usus
708 2365 742 2419 sit

115 2453 154 2506 De
173 2453 293 2522 epistulis
311 2454 466 2522 quibusdam
484 2453 664 2523 familiaribus,
684 2470 750 2524 qnae
764 2455 834 2524 apud
847 2453 1019 2510 Plutarchum
1032 2454 1157 2524 leguntur

221 2650 456 2764 Alexandri
482 2652 709 2786 epistulae
746 2652 802 2762 ad
839 2652 984 2764 varios
1010 2650 1170 2774 Araus.

117 2931 240 2985 Virorum
248 2934 382 2987 doctorum
392 2933 425 2988 de
431 2933 574 2989 Alexandri
753 2936 794 2990 Ad
812 2934 989 2990 Philoxenum
1025 2975 1209 2993 .....
1246 2933 1281 2987 35

151 3020 270 3089 epistulis
289 3022 438 3078 sententiae
479 3067 485 3081 .
524 3064 530 3077 .
568 3065 574 3078 .
611 3024 646 3081 29
752 3025 793 3078 Ad
811 3024 968 3093 Hagnonem
982 3065 1209 3080 ......
1226 3035 1281 3175 ²36

129 3150 230 3249 tptttrhr
250 3174 300 3250 qne
319 3154 371 3250 aput
391 3153 513 3230 Plutarcho
533 3154 630 3251 topatio
752 3114 794 3256 f}
812 3112 1033 3258 ffflfflJm
1070 3153 1077 3258 J
1113 3155 1121 3259 J
1158 3153 1164 3256 J
1202 3154 1209 3260 J
1247 3251 1252 3267 J

116 3286 236 3356 llpistula
254 3287 342 3342 nescio
360 3289 393 3343 ad
411 3304 490 3357 quem
514 3290 575 3344 data
752 3291 793 3345 Ad
811 3289 970 3346 Pausaniam
989 3291 1119 3346 medicum
1158 3331 1164 3344 .
1202 3212 1239 3354 ‚l

116 3376 156 3428 Ad
173 3375 330 3431 Pencestam
752 3380 794 3433 Ad
812 3379 958 3450 Harpalum
982 3420 1209 3438 ......
1226 3390 1280 3530 ²39

117 3465 157 3518 Ad
175 3464 351 3538 Megabyzum
389 3503 574 3522 .....
751 3469 793 3522 Ad
811 3467 989 3526 Xenocratem
1026 3509 1209 3526 .....

117 3552 157 3605 Ad
175 3552 333 3608 Pencestam
388 3593 573 3610 .....
611 3563 646 3617 32
750 3558 792 3611 Ad
810 3558 978 3628 Antipatrum
1027 3597 1209 3614 .....
1225 3567 1239 3710 p
1245 3603 1281 3660 4⁰

116 3642 156 3695 Ad
174 3641 399 3711 Hephaestionem
434 3683 441 3697 .
479 3685 484 3698 .
523 3683 528 3696 .
567 3684 573 3698 .
751 3645 872 3716 Epistula
889 3647 977 3701 nescio
1000 3647 1034 3701 ad
1052 3663 1131 3716 quern
1150 3647 1211 3716 data

117 3729 157 3783 Ad
175 3730 336 3800 Alexippum
354 3731 485 3792 medicum
522 3773 529 3787 .
567 3772 573 3788 .
751 3735 793 3788 Ad
811 3736 978 3805 Antipatrum
1027 3775 1209 3793 .....
1245 3737 1279 3792 41

117 3819 157 3872 Ad
176 3819 313 3874 Craterum
344 3860 573 3875 ......
751 3824 792 3878 Ad
812 3825 924 3879 eundem
982 3861 1208 3880 ......
1245 3826 1281 3898 42

120 3907 156 3960 Ad
175 3909 344 3978 Antipatrum
390 3949 573 3966 .....
752 3913 873 3982 Epistula
891 3912 980 3968 neseio
997 3912 1030 3967 ad
1049 3907 1127 3980 duem
1150 3911 1211 3994 data
1233 3915 1280 3988 Ι43

121 3996 156 4048 Ad
175 3996 341 4052 Theodorum
391 4036 573 4054 .....
753 4002 793 4056 Ad
811 4004 923 4056 matrem
981 4041 1208 4058 ......
1245 4003 1280 4076 At

117 4085 156 4138 Ad
174 4083 334 4140 Phocionem
389 4127 573 4142 .....
752 4090 793 4142 Ad
812 4092 929 4159 satrapas
947 4089 1081 4158 ducesque
1114 4131 1120 4144 .
1158 4132 1164 4144 .
1201 4129 1209 4147 .
1245 4093 1280 4148 46

121 4173 155 4225 Ad
174 4173 317 4230 Leonidam
752 4177 794 4230 Ad
813 4178 980 4245 Antipatrum
1025 4218 1208 4233 .....
1245 4180 1279 4235 46
