3016 4612
695 75 738 143 23

128 272 383 353 existimandum
408 279 480 339 erat
501 273 669 340 exstitisse
686 272 840 356 epistulas
857 273 1022 354 collectas,
1046 289 1130 354 quae
1145 272 1301 340 inscribe·

126 379 266 444 buntur:
302 382 510 458 Παρμενίωνος
539 376 613 458 τυρός
640 378 830 457 Ἀλέξανδρον
864 377 1013 440 ἐπιστολαὶ
1041 377 1302 457 antisteterunt

126 493 179 545 τοῦ
208 485 351 564 βασιλέως
385 486 534 546 ίιτιστσλαλ
569 483 643 566 πρὸς
682 481 750 555 τοὺς
781 489 811 545 de
846 495 879 563 τῇ
912 483 999 560 Ἀσίᾳ
1033 482 1207 565 σατρόιτας;
1242 485 1301 550 sed

128 588 290 671 epistulas
324 589 527 672 singulorum
561 589 725 656 homiuum
759 589 807 656 ita
831 589 978 671 digestas
1002 595 1101 670 atque
1125 591 1300 672 dispositas

127 694 234 761 etita
258 695 403 778 singulas
425 700 538 777 partes
560 694 737 778 inscriptas
760 713 843 778 esee,
875 700 914 760 ut
936 693 1136 778 siugulernm
1160 696 1300 777 partium

125 800 340 884 inscriptione
363 801 568 868 indicaretur
596 819 703 882 aquo
739 808 774 866 et
807 801 851 866 ad
886 819 977 882 quem
1012 803 1110 868 datas
1144 802 1301 884 epistulas

127 904 345 990 continerent,
369 907 540 991 probabile
555 923 620 973 non
636 914 696 974 est.
733 906 824 990 Quae
840 925 912 972 cum
927 906 976 973 ita
991 909 1068 987 sint,
1092 906 1299 991 perspicuum

19 1033 22 1080 ι
125 1019 181 1078 est
199 1021 316 1080 'vocem
339 1019 371 1073 ut
392 1015 542 1075 ιτιστολολ
566 1031 626 1096 per
656 1031 691 1080 se
719 1012 934 1096 epistularum
963 1031 1080 1096 corpus
1110 1031 1174 1078 non
1202 1013 1301 1096 signi·

125 1117 240 1196 ficare,
266 1119 463 1199 praesertim
481 1137 554 1184 cnm
571 1119 634 1184 loci
652 1125 793 1200 exstent,
817 1119 933 1198 quibus
947 1117 1083 1200 legitur:
1108 1125 1140 1180 αι’
1156 1121 1303 1180 ἐπιστολαὶ

125 1223 183 1290 vel
207 1228 237 1285 λι
258 1236 324 1294 τοις
347 1227 513 1295 επιστολστς
537 1225 577 1289 de
601 1223 767 1309 epistulis,
802 1243 886 1305 quae
909 1240 974 1290 non
997 1230 1093 1292 erant
1116 1241 1157 1289 ex
1181 1225 1301 1309 epistu-

126 1329 237 1396 lernm
264 1348 400 1415 corpore
424 1331 649 1414 depromptae,
673 1330 766 1398 velut
789 1331 877 1414 apud
892 1329 1070 1397 Diodorum
1093 1330 1186 1410 XIX,
1213 1331 1264 1413 13,
1283 1332 1301 1393 7

126 1434 203 1517 τυρός
225 1437 257 1496 di
279 1433 346 1506 τοός
371 1441 401 1497 ἐν
422 1447 486 1506 ταῖς
509 1432 569 1497 ἅνω
592 1440 784 1515 σατραπείαις
808 1433 947 1517 ἡγεμόνας
970 1432 1001 1514 ἦν
1024 1438 1077 1513 μὲν
1099 1433 1303 1517 καὶπρότερον

127 1540 320 1612 ἀπεσταλκὼς
350 1539 402 1610 τοὶς
427 1539 510 1622 ιιαρόι
540 1552 595 1604 τῶν
620 1544 763 1621 βασιλέων
795 1540 959 1613 ίαισιολολς.
990 1550 1024 1608 θλ
1050 1542 1129 1608 ibid.
1154 1561 1180 1608 c.
1205 1541 1256 1624 15,
1282 1543 1302 1605 5

126 1645 206 1724 μόνω
230 1651 286 1728 γὰρ
308 1645 399 1723 τούτῳ
423 1644 471 1708 διὰ
493 1658 548 1709 τῶν
564 1650 719 1709 ἐπιστολῶν
741 1653 770 1708 σι’
791 1649 921 1726 βασιλεῖς
943 1648 1166 1729 συνετιτόγεσοιν
1182 1646 1301 1732 διδόναι,

127 1754 169 1818 de
195 1751 314 1834 quibus
330 1753 531 1819 Plutarchus
555 1752 627 1837 (uit.
651 1753 744 1822 Eum.
768 1752 876 1838 XIII.)
921 1757 1179 1834 Πολυσπέρχοντος
1202 1755 1232 1815 cl
1256 1758 1304 1814 τοι

129 1861 281 1920 Φιλίππου
302 1870 355 1921 τοῦ
375 1857 517 1939 βασιλέως
533 1859 668 1944 (Εὐμένει
684 1859 839 1940 γράμματα
855 1858 1016 1944 κομίζεται)
1033 1859 1202 1920 κελευόντων
1219 1912 1225 1925 ,
1244 1908 1251 1925 .
1271 1913 1277 1925 .
1295 1912 1302 1925 .

126 1969 197 2044 περὶ
225 1967 256 2027 di
287 1965 396 2028 τούτων
425 1969 474 2026 καλ
504 1966 654 2046 Ἀντιγένει
684 1970 734 2026 καλ
762 1962 901 2042 Τευτάμῳ
923 1978 984 2037 τοῖς
1004 1976 1059 2027 τῶν
1082 1966 1304 2044 ἀργυρασπίδων

128 2072 295 2152 ἡγουμένοις
322 2069 540 2151 dtaypatpaouv.
587 2071 637 2136 Ac
669 2077 779 2154 potest
814 2071 944 2152 quidem
979 2070 1064 2149 sieri,
1101 2078 1137 2137 ut
1167 2068 1304 2136 Diodori

129 2178 235 2245 verba
267 2176 308 2242 de
339 2176 425 2242 binis
455 2176 574 2243 litteris
598 2178 641 2242 ad
663 2183 837 2257 utrumque
861 2179 976 2244 ducem
1001 2176 1089 2243 datis
1113 2175 1202 2242 diota
1227 2175 1302 2255 siut,

131 2284 190 2348 sed
215 2282 245 2348 si
269 2283 309 2348 de
333 2300 398 2348 una
422 2283 566 2367 epletnla
589 2282 785 2363 dictasunt,
811 2284 1038 2349 demonstrant
1053 2283 1229 2348 Diodorum
1253 2281 1304 2347 his

131 2389 297 2456 επιστσλσιι
319 2406 384 2454 non
408 2387 613 2472 significasse
630 2389 844 2472 epistularum
862 2407 996 2472 corpus:
1022 2389 1194 2472 epistulam
1219 2388 1303 2453 enim

131 2515 152 2560 a
176 2512 285 2560 rerum
307 2493 469 2578 scriptore
492 2493 611 2577 priorIs
635 2495 765 2574 aetatis
790 2494 932 2561 fortasse
953 2497 995 2560 ab
1011 2493 1211 2578 Hieronymo
1228 2495 1304 2558 Oar-

132 2599 242 2682 diano,
267 2598 443 2666 memoriae
464 2600 628 2682 proditam
652 2618 724 2666 esse
747 2599 952 2686 perspicuum
977 2604 1028 2664 est
1049 2619 1089 2666 ex
1104 2597 1302 2675 narratione,

132 2705 174 2772 ad
191 2723 287 2786 qnam
304 2704 463 2786 adjuncta
487 2713 547 2772 est.
591 2705 655 2771 Sed
671 2706 755 2770 haee
773 2706 852 2771 licet
877 2704 1032 2788 ambigna
1056 2706 1130 2770 siut.
1177 2705 1305 2787 Hyper·

132 2811 356 2896 idesllcerte
380 2813 422 2877 de
445 2829 510 2877 nna
534 2810 738 2896 Olympiadis
768 2811 911 2896 epistula
943 2811 1042 2878 dixit:
1077 2809 1114 2872 τοὶ
1142 2807 1304 2891 ἐγκλήματα

134 2912 209 2995 ἦλθε
237 2919 297 2994 παῤ
321 2914 510 2994 Ὀλυμπιάδος
536 2922 566 2978 ἐν
593 2929 655 2988 ταῖς
678 2919 850 2989 ἐπιστολαῖς.
897 2918 974 2984 Cum
1002 2915 1105 2998 igitur
1127 2915 1304 3000 Hyperidis

133 3025 237 3091 verbe
261 3021 476 3106 epistularum
500 3041 619 3107 corpus
642 3041 706 3088 non
730 3022 924 3106 significent,
949 3042 1012 3088 non
1037 3023 1132 3090 video
1154 3041 1212 3088 cnr
1227 3023 1303 3088 Plu·

135 3127 241 3196 turchi
263 3128 369 3195 verba
392 3134 421 3189 tv
443 3140 507 3199 τοῖς
530 3131 696 3200 ιπιστσλοτς
725 3127 939 3212 epistularum
971 3146 1088 3212 corpus
1119 3127 1305 3214 significare

134 3235 283 3320 putanda
307 3233 383 3318 siut,
407 3234 528 3319 qnippe
551 3252 634 3315 quae
657 3236 699 3300 ab
720 3232 901 3317 Hyperidis
915 3233 1027 3301 verbIs
1043 3233 1125 3300 nihil
1140 3235 1304 3300 differant.

135 3340 248 3406 Verba
272 3339 373 3420 igitur
396 3345 425 3400 ἐν
447 3351 511 3411 τοῖς
533 3342 706 3412 επιστολσις,
731 3357 814 3419 quae
830 3358 889 3422 per
906 3359 940 3405 se
957 3338 1172 3423 epIstnlarnm
1188 3357 1305 3423 corpus

134 3465 201 3513 non
236 3445 433 3528 significant,
469 3450 605 3529 possunt
640 3445 704 3512 dici
740 3444 840 3512 etiam
868 3446 909 3510 de
940 3463 1006 3510 una
1029 3445 1139 3525 aliqua
1163 3445 1305 3528 epistula

134 3571 196 3636 pro
221 3558 250 3613 ιο
274 3553 409 3630 ἐπιστολῇ
434 3574 498 3618 τοι,
549 3551 737 3634 Hyperides
773 3551 903 3632 quidem
938 3553 979 3617 de
1015 3557 1107 3617 certa
1129 3549 1307 3616 Athenien·

138 3659 290 3738 sinusque
314 3663 393 3722 nota
416 3656 560 3741 epletula
582 3675 641 3740 pro
663 3662 692 3718 ιο
706 3668 741 3736 πρ
758 3659 894 3734 ἐπιστολῇ
909 3656 994 3723 dixit
1010 3656 1038 3718 iv
1053 3668 1116 3727 τοῖς
1133 3657 1305 3727 ἐπιστολαῖς,

225 3781 319 3848 Haec
343 3783 382 3847 de
405 3781 518 3849 verbis
540 3788 570 3843 ιτ
599 3795 664 3853 τοις
687 3784 860 3854 επιστολοτς,
885 3799 967 3862 quae
990 3781 1076 3863 apud
1095 3780 1306 3846 Plutarchum

137 3889 195 3956 rit.
230 3887 323 3954 Alex.
362 3888 472 3954 XVII.
509 3895 543 3954 et
577 3889 650 3956 LX.
690 3890 854 3970 leguntur.
908 3887 1020 3952 Verba
1055 3893 1163 3952 autem
1194 3891 1226 3945 ιιι
1254 3895 1308 3947 τοι

138 4033 350 4042 —-——-——--

228 4100 250 4169 1)
269 4099 340 4154 Orat.
360 4115 406 4168 pro
424 4099 579 4166 Euxenippo
598 4099 646 4154 col.
667 4101 708 4154 36.
