<?xml version="1.0" encoding="UTF-8"?>
<!DOCTYPE html PUBLIC "-//W3C//DTD XHTML 1.0 Transitional//EN"
    "http://www.w3.org/TR/xhtml1/DTD/xhtml1-transitional.dtd">
<html xmlns="http://www.w3.org/1999/xhtml" xml:lang="en" lang="en">
 <head>
  <title>
</title>
<meta http-equiv="Content-Type" content="text/html;charset=utf-8" />
  <meta name='ocr-system' content='tesseract 3.04.00' />
  <meta name='ocr-capabilities' content='ocr_page ocr_carea ocr_par ocr_line ocrx_word'/>
</head>
<body>
  <div class='ocr_page' id='page_1' title='image "./dealexandriolym00zumegoog_0101.png"; bbox 0 0 3008 4614; ppageno 0'>
   <div class='ocr_carea' id='block_1_1' title="bbox 812 127 860 196">
    <p class='ocr_par' dir='ltr' id='par_1_1' title="bbox 812 127 860 196">
     <span class='ocr_line' id='line_1_1' title="bbox 812 127 860 196; baseline 0 0"><span class='ocrx_word' id='word_1_1' title='bbox 812 127 860 196; x_wconf 82' lang='grc'>’90</span> 
     </span>
    </p>
   </div>
   <div class='ocr_carea' id='block_1_2' title="bbox 729 220 940 232">
    <p class='ocr_par' dir='ltr' id='par_1_2' title="bbox 729 220 940 232">
     <span class='ocr_line' id='line_1_2' title="bbox 729 220 940 232; baseline 0 -2"><span class='ocrx_word' id='word_1_2' title='bbox 729 220 940 232; x_wconf 71' lang='lat' dir='ltr'>——u--a-</span> 
     </span>
    </p>
   </div>
   <div class='ocr_carea' id='block_1_3' title="bbox 412 317 1490 512">
    <p class='ocr_par' dir='ltr' id='par_1_3' title="bbox 412 317 1490 512">
     <span class='ocr_line' id='line_1_3' title="bbox 412 317 1411 408; baseline 0 -26"><span class='ocrx_word' id='word_1_3' title='bbox 412 323 523 384; x_wconf 77' lang='grc' dir='ltr'><strong><em>θέντων</em></strong></span> <span class='ocrx_word' id='word_1_4' title='bbox 546 318 575 394; x_wconf 80' lang='grc' dir='ltr'>ές</span> <span class='ocrx_word' id='word_1_5' title='bbox 596 344 627 384; x_wconf 83' lang='grc' dir='ltr'>τι</span> <span class='ocrx_word' id='word_1_6' title='bbox 649 321 736 388; x_wconf 74' lang='grc' dir='ltr'><strong><em>αὑτὸν</em></strong></span> <span class='ocrx_word' id='word_1_7' title='bbox 759 327 808 386; x_wconf 78' lang='grc' dir='ltr'>καὶ</span> <span class='ocrx_word' id='word_1_8' title='bbox 831 329 861 396; x_wconf 86' lang='grc' dir='ltr'>ές</span> <span class='ocrx_word' id='word_1_9' title='bbox 884 326 1050 388; x_wconf 73' lang='grc' dir='ltr'><strong><em>Φίλιστον·</em></strong></span> <span class='ocrx_word' id='word_1_10' title='bbox 1082 329 1132 388; x_wconf 82' lang='grc' dir='ltr'>καὶ</span> <span class='ocrx_word' id='word_1_11' title='bbox 1157 317 1292 408; x_wconf 80' lang='grc' dir='ltr'><strong><em>Θηβαίοις</em></strong></span> <span class='ocrx_word' id='word_1_12' title='bbox 1314 331 1345 389; x_wconf 78' lang='lat' dir='ltr'>dl</span> <span class='ocrx_word' id='word_1_13' title='bbox 1366 340 1411 406; x_wconf 70' lang='lat' dir='ltr'>epp</span> 
     </span>
     <span class='ocr_line' id='line_1_4' title="bbox 412 413 1490 512; baseline 0.004 -22"><span class='ocrx_word' id='word_1_14' title='bbox 412 425 605 500; x_wconf 69' lang='grc' dir='ltr'><strong><em>ἀποστάσεως</em></strong></span> <span class='ocrx_word' id='word_1_15' title='bbox 626 429 784 510; x_wconf 74' lang='grc' dir='ltr'><strong><em>ἀπέφαινεν</em></strong></span> <span class='ocrx_word' id='word_1_16' title='bbox 808 434 917 503; x_wconf 75' lang='grc' dir='ltr'><strong><em>αἰτίους</em></strong></span> <span class='ocrx_word' id='word_1_17' title='bbox 947 431 981 494; x_wconf 79' lang='lat' dir='ltr'>or’r</span> <span class='ocrx_word' id='word_1_18' title='bbox 1009 444 1089 511; x_wconf 86' lang='grc' dir='ltr'><strong><em>μιΐυν</em></strong></span> <span class='ocrx_word' id='word_1_19' title='bbox 1113 429 1130 511; x_wconf 79' lang='grc' dir='ltr'>’ἡ</span> <span class='ocrx_word' id='word_1_20' title='bbox 1151 429 1218 504; x_wconf 78' lang='grc' dir='ltr'><strong><em>τοὺς</em></strong></span> <span class='ocrx_word' id='word_1_21' title='bbox 1248 433 1338 496; x_wconf 71' lang='grc' dir='ltr'><strong><em>αὐτῶν</em></strong></span> <span class='ocrx_word' id='word_1_22' title='bbox 1361 435 1411 512; x_wconf 74' lang='grc' dir='ltr'>Θη-</span> <span class='ocrx_word' id='word_1_23' title='bbox 1488 413 1490 464; x_wconf 56' lang='lat' dir='ltr'>i</span> 
     </span>
    </p>
   </div>
   <div class='ocr_carea' id='block_1_4' title="bbox 410 537 759 616">
    <p class='ocr_par' dir='ltr' id='par_1_4' title="bbox 410 537 759 616">
     <span class='ocr_line' id='line_1_5' title="bbox 410 537 759 616; baseline 0.003 -20"><span class='ocrx_word' id='word_1_24' title='bbox 410 537 503 616; x_wconf 80' lang='grc' dir='ltr'><strong><em>βαίοιν</em></strong></span> <span class='ocrx_word' id='word_1_25' title='bbox 524 538 759 616; x_wconf 72' lang='grc' dir='ltr'><strong><em>νεωτερίσαντας.</em></strong></span> 
     </span>
    </p>
   </div>
   <div class='ocr_carea' id='block_1_5' title="bbox 245 675 1412 2258">
    <p class='ocr_par' dir='ltr' id='par_1_5' title="bbox 245 675 1412 2258">
     <span class='ocr_line' id='line_1_6' title="bbox 341 675 1412 765; baseline 0.002 -21"><span class='ocrx_word' id='word_1_26' title='bbox 341 676 377 744; x_wconf 83' lang='lat' dir='ltr'>Si</span> <span class='ocrx_word' id='word_1_27' title='bbox 391 678 506 745; x_wconf 79' lang='lat' dir='ltr'>verba:</span> <span class='ocrx_word' id='word_1_28' title='bbox 530 682 578 740; x_wconf 86' lang='grc' dir='ltr'>καὶ</span> <span class='ocrx_word' id='word_1_29' title='bbox 591 681 758 758; x_wconf 68' lang='grc' dir='ltr'><strong><em>*Τιτιριίδην</em></strong></span> <span class='ocrx_word' id='word_1_30' title='bbox 772 681 803 741; x_wconf 77' lang='lat' dir='ltr'>dd</span> <span class='ocrx_word' id='word_1_31' title='bbox 819 675 908 760; x_wconf 68' lang='grc' dir='ltr'><strong><em>ίξῂττι</em></strong></span> <span class='ocrx_word' id='word_1_32' title='bbox 923 717 968 726; x_wconf 92' lang='grc'><strong>-</strong></span> <span class='ocrx_word' id='word_1_33' title='bbox 982 684 1207 763; x_wconf 76' lang='grc' dir='ltr'><strong><em>νεωτερίσαντας</em></strong></span> <span class='ocrx_word' id='word_1_34' title='bbox 1222 700 1262 749; x_wconf 84' lang='lat' dir='ltr'>ex</span> <span class='ocrx_word' id='word_1_35' title='bbox 1277 679 1412 765; x_wconf 77' lang='lat' dir='ltr'>epistula</span> 
     </span>
     <span class='ocr_line' id='line_1_7' title="bbox 252 783 1410 870; baseline 0.004 -22"><span class='ocrx_word' id='word_1_36' title='bbox 252 787 381 865; x_wconf 87' lang='lat' dir='ltr'>sumpta</span> <span class='ocrx_word' id='word_1_37' title='bbox 415 788 499 868; x_wconf 89' lang='lat' dir='ltr'>sunt,</span> <span class='ocrx_word' id='word_1_38' title='bbox 535 803 577 852; x_wconf 81' lang='lat' dir='ltr'>ex</span> <span class='ocrx_word' id='word_1_39' title='bbox 606 783 647 852; x_wconf 88' lang='lat' dir='ltr'>iis</span> <span class='ocrx_word' id='word_1_40' title='bbox 677 785 793 870; x_wconf 76' lang='lat' dir='ltr'>conjici</span> <span class='ocrx_word' id='word_1_41' title='bbox 815 792 923 869; x_wconf 87' lang='lat' dir='ltr'>potest</span> <span class='ocrx_word' id='word_1_42' title='bbox 947 787 1118 870; x_wconf 76' lang='lat' dir='ltr'>epistulam</span> <span class='ocrx_word' id='word_1_43' title='bbox 1142 789 1306 855; x_wconf 88' lang='lat' dir='ltr'>subditam</span> <span class='ocrx_word' id='word_1_44' title='bbox 1330 807 1410 855; x_wconf 87' lang='lat' dir='ltr'>esse:</span> 
     </span>
     <span class='ocr_line' id='line_1_8' title="bbox 251 891 1410 978; baseline 0.003 -22"><span class='ocrx_word' id='word_1_45' title='bbox 251 891 391 958; x_wconf 88' lang='lat' dir='ltr'>testibus</span> <span class='ocrx_word' id='word_1_46' title='bbox 425 891 510 957; x_wconf 82' lang='lat' dir='ltr'>enim</span> <span class='ocrx_word' id='word_1_47' title='bbox 539 893 713 959; x_wconf 86' lang='lat' dir='ltr'>Idomeneo</span> <span class='ocrx_word' id='word_1_48' title='bbox 744 898 777 959; x_wconf 86' lang='lat' dir='ltr'>et</span> <span class='ocrx_word' id='word_1_49' title='bbox 799 893 934 974; x_wconf 84' lang='lat' dir='ltr'>Doride,</span> <span class='ocrx_word' id='word_1_50' title='bbox 959 912 1039 975; x_wconf 88' lang='lat' dir='ltr'>quos</span> <span class='ocrx_word' id='word_1_51' title='bbox 1062 893 1226 960; x_wconf 90' lang='lat' dir='ltr'>Diodorus</span> <span class='ocrx_word' id='word_1_52' title='bbox 1257 894 1410 978; x_wconf 89' lang='lat' dir='ltr'>seqnitur,</span> 
     </span>
     <span class='ocr_line' id='line_1_9' title="bbox 250 996 1410 1085; baseline 0.004 -22"><span class='ocrx_word' id='word_1_53' title='bbox 250 996 438 1064; x_wconf 79' lang='lat' dir='ltr'><strong>Alexander</strong></span> <span class='ocrx_word' id='word_1_54' title='bbox 469 998 578 1065; x_wconf 88' lang='lat' dir='ltr'>decem</span> <span class='ocrx_word' id='word_1_55' title='bbox 601 999 866 1069; x_wconf 71' lang='lat' dir='ltr'>adversariorum</span> <span class='ocrx_word' id='word_1_56' title='bbox 889 1000 987 1068; x_wconf 88' lang='lat' dir='ltr'>duces</span> <span class='ocrx_word' id='word_1_57' title='bbox 1011 999 1166 1085; x_wconf 81' lang='lat' dir='ltr'>poposcit,</span> <span class='ocrx_word' id='word_1_58' title='bbox 1201 1019 1340 1083; x_wconf 88' lang='lat' dir='ltr'>quornm</span> <span class='ocrx_word' id='word_1_59' title='bbox 1361 1021 1410 1068; x_wconf 93' lang='lat' dir='ltr'>no-</span> 
     </span>
     <span class='ocr_line' id='line_1_10' title="bbox 249 1105 1409 1192; baseline 0.003 -21"><span class='ocrx_word' id='word_1_60' title='bbox 249 1105 338 1172; x_wconf 89' lang='lat' dir='ltr'>mina</span> <span class='ocrx_word' id='word_1_61' title='bbox 368 1107 455 1188; x_wconf 89' lang='lat' dir='ltr'>apud</span> <span class='ocrx_word' id='word_1_62' title='bbox 478 1105 608 1173; x_wconf 83' lang='lat' dir='ltr'>Snidem</span> <span class='ocrx_word' id='word_1_63' title='bbox 638 1127 669 1176; x_wconf 87' lang='lat' dir='ltr'>v.</span> <span class='ocrx_word' id='word_1_64' title='bbox 695 1105 885 1188; x_wconf 74' lang='grc' dir='ltr'><strong><em>Ἀντίπατρος</em></strong></span> <span class='ocrx_word' id='word_1_65' title='bbox 915 1108 1079 1192; x_wconf 81' lang='lat' dir='ltr'>leguntur,</span> <span class='ocrx_word' id='word_1_66' title='bbox 1115 1107 1227 1189; x_wconf 90' lang='lat' dir='ltr'>quiin</span> <span class='ocrx_word' id='word_1_67' title='bbox 1250 1126 1288 1173; x_wconf 87' lang='lat' dir='ltr'>eo</span> <span class='ocrx_word' id='word_1_68' title='bbox 1313 1115 1409 1192; x_wconf 89' lang='lat' dir='ltr'>errat,</span> 
     </span>
     <span class='ocr_line' id='line_1_11' title="bbox 250 1211 1408 1300; baseline 0.003 -23"><span class='ocrx_word' id='word_1_69' title='bbox 250 1213 336 1292; x_wconf 92' lang='lat' dir='ltr'>quod</span> <span class='ocrx_word' id='word_1_70' title='bbox 351 1212 561 1295; x_wconf 77' lang='lat' dir='ltr'>Antipatrum</span> <span class='ocrx_word' id='word_1_71' title='bbox 579 1231 650 1279; x_wconf 90' lang='lat' dir='ltr'>cum</span> <span class='ocrx_word' id='word_1_72' title='bbox 666 1213 854 1281; x_wconf 83' lang='lat' dir='ltr'>Alexandro</span> <span class='ocrx_word' id='word_1_73' title='bbox 876 1212 1047 1283; x_wconf 86' lang='lat' dir='ltr'>confundit</span> <span class='ocrx_word' id='word_1_74' title='bbox 1055 1211 1090 1300; x_wconf 88' lang='grc'>1).</span> <span class='ocrx_word' id='word_1_75' title='bbox 1137 1213 1204 1280; x_wconf 89' lang='lat' dir='ltr'>Alii</span> <span class='ocrx_word' id='word_1_76' title='bbox 1227 1214 1408 1296; x_wconf 87' lang='lat' dir='ltr'>scriptores,</span> 
     </span>
     <span class='ocr_line' id='line_1_12' title="bbox 250 1317 1410 1405; baseline 0.008 -27"><span class='ocrx_word' id='word_1_77' title='bbox 250 1337 329 1399; x_wconf 90' lang='lat' dir='ltr'>quos</span> <span class='ocrx_word' id='word_1_78' title='bbox 352 1318 548 1385; x_wconf 77' lang='lat' dir='ltr'>Plutarchus</span> <span class='ocrx_word' id='word_1_79' title='bbox 578 1321 730 1391; x_wconf 71' lang='grc' dir='ltr'><strong><em>πλείστους</em></strong></span> <span class='ocrx_word' id='word_1_80' title='bbox 759 1322 809 1381; x_wconf 85' lang='grc' dir='ltr'>καλ</span> <span class='ocrx_word' id='word_1_81' title='bbox 843 1317 1056 1399; x_wconf 73' lang='grc' dir='ltr'><strong><em>δοκιμωτάτους</em></strong></span> <span class='ocrx_word' id='word_1_82' title='bbox 1085 1318 1188 1386; x_wconf 82' lang='lat' dir='ltr'>fuisse</span> <span class='ocrx_word' id='word_1_83' title='bbox 1220 1319 1310 1405; x_wconf 82' lang='lat' dir='ltr'>dicit,</span> <span class='ocrx_word' id='word_1_84' title='bbox 1342 1328 1410 1387; x_wconf 82' lang='lat' dir='ltr'>outo</span> 
     </span>
     <span class='ocr_line' id='line_1_13' title="bbox 249 1424 1410 1509; baseline 0.002 -19"><span class='ocrx_word' id='word_1_85' title='bbox 249 1430 530 1492; x_wconf 79' lang='lat' dir='ltr'>enumeraveram.</span> <span class='ocrx_word' id='word_1_86' title='bbox 577 1424 729 1506; x_wconf 84' lang='lat' dir='ltr'>Epistula</span> <span class='ocrx_word' id='word_1_87' title='bbox 756 1430 867 1492; x_wconf 85' lang='lat' dir='ltr'>antem</span> <span class='ocrx_word' id='word_1_88' title='bbox 896 1427 1000 1509; x_wconf 84' lang='lat' dir='ltr'>magis</span> <span class='ocrx_word' id='word_1_89' title='bbox 1025 1443 1096 1491; x_wconf 89' lang='lat' dir='ltr'>cnm</span> <span class='ocrx_word' id='word_1_90' title='bbox 1119 1425 1294 1494; x_wconf 89' lang='lat' dir='ltr'>Idomeneo</span> <span class='ocrx_word' id='word_1_91' title='bbox 1318 1428 1410 1494; x_wconf 90' lang='lat' dir='ltr'>Duri-</span> 
     </span>
     <span class='ocr_line' id='line_1_14' title="bbox 250 1531 1409 1616; baseline 0.003 -21"><span class='ocrx_word' id='word_1_92' title='bbox 250 1531 353 1612; x_wconf 89' lang='lat' dir='ltr'>deque</span> <span class='ocrx_word' id='word_1_93' title='bbox 378 1531 537 1614; x_wconf 82' lang='lat' dir='ltr'>congruit,</span> <span class='ocrx_word' id='word_1_94' title='bbox 574 1551 670 1614; x_wconf 87' lang='lat' dir='ltr'>quam</span> <span class='ocrx_word' id='word_1_95' title='bbox 694 1552 766 1600; x_wconf 92' lang='lat' dir='ltr'>cum</span> <span class='ocrx_word' id='word_1_96' title='bbox 789 1532 830 1599; x_wconf 88' lang='lat' dir='ltr'>iis</span> <span class='ocrx_word' id='word_1_97' title='bbox 854 1533 1079 1616; x_wconf 85' lang='lat' dir='ltr'>scriptoribus,</span> <span class='ocrx_word' id='word_1_98' title='bbox 1116 1551 1194 1613; x_wconf 91' lang='lat' dir='ltr'>qnos</span> <span class='ocrx_word' id='word_1_99' title='bbox 1216 1534 1409 1600; x_wconf 82' lang='lat' dir='ltr'>Plutarchus</span> 
     </span>
     <span class='ocr_line' id='line_1_15' title="bbox 247 1638 1410 1724; baseline 0.002 -21"><span class='ocrx_word' id='word_1_100' title='bbox 247 1639 378 1720; x_wconf 81' lang='lat' dir='ltr'>probet:</span> <span class='ocrx_word' id='word_1_101' title='bbox 403 1657 478 1705; x_wconf 91' lang='lat' dir='ltr'>nam</span> <span class='ocrx_word' id='word_1_102' title='bbox 502 1645 634 1722; x_wconf 82' lang='lat' dir='ltr'>praeter</span> <span class='ocrx_word' id='word_1_103' title='bbox 658 1639 908 1724; x_wconf 73' lang='lat' dir='ltr'>Thrasybulum,</span> <span class='ocrx_word' id='word_1_104' title='bbox 933 1658 1024 1720; x_wconf 85' lang='lat' dir='ltr'>quem</span> <span class='ocrx_word' id='word_1_105' title='bbox 1048 1638 1241 1706; x_wconf 82' lang='lat' dir='ltr'>idomeneus</span> <span class='ocrx_word' id='word_1_106' title='bbox 1265 1645 1299 1708; x_wconf 90' lang='lat' dir='ltr'>et</span> <span class='ocrx_word' id='word_1_107' title='bbox 1315 1640 1410 1706; x_wconf 89' lang='lat' dir='ltr'>Duris</span> 
     </span>
     <span class='ocr_line' id='line_1_16' title="bbox 247 1744 1409 1833; baseline 0.002 -23"><span class='ocrx_word' id='word_1_108' title='bbox 247 1751 435 1826; x_wconf 87' lang='lat' dir='ltr'>memorant,</span> <span class='ocrx_word' id='word_1_109' title='bbox 469 1747 527 1813; x_wconf 88' lang='lat' dir='ltr'>sed</span> <span class='ocrx_word' id='word_1_110' title='bbox 558 1746 698 1829; x_wconf 87' lang='lat' dir='ltr'>epistula</span> <span class='ocrx_word' id='word_1_111' title='bbox 728 1744 858 1833; x_wconf 91' lang='lat' dir='ltr'>omittit,</span> <span class='ocrx_word' id='word_1_112' title='bbox 890 1747 1003 1813; x_wconf 89' lang='lat' dir='ltr'>eadem</span> <span class='ocrx_word' id='word_1_113' title='bbox 1034 1748 1165 1830; x_wconf 88' lang='lat' dir='ltr'>nomina</span> <span class='ocrx_word' id='word_1_114' title='bbox 1194 1746 1352 1830; x_wconf 84' lang='lat' dir='ltr'>leguntur</span> <span class='ocrx_word' id='word_1_115' title='bbox 1380 1747 1409 1812; x_wconf 94' lang='lat' dir='ltr'>in</span> 
     </span>
     <span class='ocr_line' id='line_1_17' title="bbox 247 1851 1409 1939; baseline -0.001 -20"><span class='ocrx_word' id='word_1_116' title='bbox 247 1852 386 1936; x_wconf 89' lang='lat' dir='ltr'>epistula</span> <span class='ocrx_word' id='word_1_117' title='bbox 409 1858 507 1934; x_wconf 84' lang='lat' dir='ltr'>etque</span> <span class='ocrx_word' id='word_1_118' title='bbox 532 1854 619 1935; x_wconf 84' lang='lat' dir='ltr'>apud</span> <span class='ocrx_word' id='word_1_119' title='bbox 642 1853 785 1935; x_wconf 78' lang='lat' dir='ltr'>suidam,</span> <span class='ocrx_word' id='word_1_120' title='bbox 809 1853 896 1936; x_wconf 91' lang='lat' dir='ltr'>apud</span> <span class='ocrx_word' id='word_1_121' title='bbox 920 1871 1016 1935; x_wconf 88' lang='lat' dir='ltr'>quem</span> <span class='ocrx_word' id='word_1_122' title='bbox 1038 1851 1229 1939; x_wconf 79' lang='lat' dir='ltr'>mendose2)</span> <span class='ocrx_word' id='word_1_123' title='bbox 1252 1855 1409 1938; x_wconf 91' lang='lat' dir='ltr'>scriptum</span> 
     </span>
     <span class='ocr_line' id='line_1_18' title="bbox 245 1959 1409 2046; baseline -0.002 -18"><span class='ocrx_word' id='word_1_124' title='bbox 245 1970 298 2029; x_wconf 75' lang='lat' dir='ltr'>est</span> <span class='ocrx_word' id='word_1_125' title='bbox 325 1962 499 2042; x_wconf 88' lang='grc' dir='ltr'><strong><em>Πατροκλέα</em></strong></span> <span class='ocrx_word' id='word_1_126' title='bbox 523 1979 580 2043; x_wconf 87' lang='lat' dir='ltr'>pro</span> <span class='ocrx_word' id='word_1_127' title='bbox 604 1961 780 2040; x_wconf 73' lang='grc' dir='ltr'><strong><em>Μοιροκλέα.</em></strong></span> <span class='ocrx_word' id='word_1_128' title='bbox 826 1962 906 2027; x_wconf 74' lang='lat' dir='ltr'>(ium</span> <span class='ocrx_word' id='word_1_129' title='bbox 936 1959 1149 2044; x_wconf 76' lang='lat' dir='ltr'>scriptoribus</span> <span class='ocrx_word' id='word_1_130' title='bbox 1178 1965 1298 2046; x_wconf 76' lang='lat' dir='ltr'>auium,</span> <span class='ocrx_word' id='word_1_131' title='bbox 1335 1977 1409 2042; x_wconf 89' lang='lat' dir='ltr'>quos</span> 
     </span>
     <span class='ocr_line' id='line_1_19' title="bbox 245 2066 1407 2150; baseline -0.001 -18"><span class='ocrx_word' id='word_1_132' title='bbox 245 2068 444 2134; x_wconf 82' lang='lat' dir='ltr'>Plutarchus</span> <span class='ocrx_word' id='word_1_133' title='bbox 474 2068 607 2150; x_wconf 87' lang='lat' dir='ltr'>probat,</span> <span class='ocrx_word' id='word_1_134' title='bbox 640 2067 821 2148; x_wconf 87' lang='lat' dir='ltr'>discrepat:</span> <span class='ocrx_word' id='word_1_135' title='bbox 856 2084 932 2132; x_wconf 84' lang='lat' dir='ltr'>uam</span> <span class='ocrx_word' id='word_1_136' title='bbox 963 2085 1028 2133; x_wconf 92' lang='lat' dir='ltr'>non</span> <span class='ocrx_word' id='word_1_137' title='bbox 1064 2067 1167 2134; x_wconf 88' lang='lat' dir='ltr'>solum</span> <span class='ocrx_word' id='word_1_138' title='bbox 1197 2066 1407 2150; x_wconf 84' lang='lat' dir='ltr'>Hyperidem,</span> 
     </span>
     <span class='ocr_line' id='line_1_20' title="bbox 246 2171 1408 2258; baseline -0.001 -21"><span class='ocrx_word' id='word_1_139' title='bbox 246 2173 336 2256; x_wconf 85' lang='lat' dir='ltr'>cujus</span> <span class='ocrx_word' id='word_1_140' title='bbox 356 2173 405 2240; x_wconf 90' lang='lat' dir='ltr'>illi</span> <span class='ocrx_word' id='word_1_141' title='bbox 428 2173 623 2241; x_wconf 87' lang='lat' dir='ltr'>montionem</span> <span class='ocrx_word' id='word_1_142' title='bbox 646 2172 768 2239; x_wconf 91' lang='lat' dir='ltr'>nnllam</span> <span class='ocrx_word' id='word_1_143' title='bbox 792 2171 949 2258; x_wconf 87' lang='lat' dir='ltr'>fecerunt,</span> <span class='ocrx_word' id='word_1_144' title='bbox 975 2174 1113 2254; x_wconf 86' lang='lat' dir='ltr'>epistula</span> <span class='ocrx_word' id='word_1_145' title='bbox 1136 2172 1331 2258; x_wconf 81' lang='lat' dir='ltr'>nominavit,</span> <span class='ocrx_word' id='word_1_146' title='bbox 1355 2173 1408 2238; x_wconf 88' lang='lat' dir='ltr'>sed</span> 
     </span>
    </p>
   </div>
   <div class='ocr_carea' id='block_1_6' title="bbox 244 2277 1489 2579">
    <p class='ocr_par' dir='ltr' id='par_1_6' title="bbox 244 2277 1489 2579">
     <span class='ocr_line' id='line_1_21' title="bbox 247 2277 1488 2363; baseline -0.002 -18"><span class='ocrx_word' id='word_1_147' title='bbox 247 2280 346 2346; x_wconf 82' lang='lat' dir='ltr'>etism</span> <span class='ocrx_word' id='word_1_148' title='bbox 376 2279 411 2346; x_wconf 97' lang='lat' dir='ltr'>in</span> <span class='ocrx_word' id='word_1_149' title='bbox 433 2279 588 2347; x_wconf 87' lang='lat' dir='ltr'>Damonis</span> <span class='ocrx_word' id='word_1_150' title='bbox 611 2279 882 2360; x_wconf 83' lang='lat' dir='ltr'>Celhsthenisque</span> <span class='ocrx_word' id='word_1_151' title='bbox 911 2280 1026 2363; x_wconf 89' lang='lat' dir='ltr'>locum,</span> <span class='ocrx_word' id='word_1_152' title='bbox 1061 2298 1139 2361; x_wconf 87' lang='lat' dir='ltr'>quos</span> <span class='ocrx_word' id='word_1_153' title='bbox 1161 2281 1211 2347; x_wconf 89' lang='lat' dir='ltr'>illi</span> <span class='ocrx_word' id='word_1_154' title='bbox 1252 2297 1407 2346; x_wconf 87' lang='lat' dir='ltr'>memora·</span> <span class='ocrx_word' id='word_1_155' title='bbox 1487 2277 1488 2304; x_wconf 63' lang='lat'>³</span> 
     </span>
     <span class='ocr_line' id='line_1_22' title="bbox 245 2386 1406 2470; baseline -0.005 -13"><span class='ocrx_word' id='word_1_156' title='bbox 245 2403 373 2470; x_wconf 85' lang='lat' dir='ltr'>verant,</span> <span class='ocrx_word' id='word_1_157' title='bbox 397 2386 574 2469; x_wconf 81' lang='lat' dir='ltr'>Iliotimnm</span> <span class='ocrx_word' id='word_1_158' title='bbox 604 2393 637 2454; x_wconf 92' lang='lat' dir='ltr'>et</span> <span class='ocrx_word' id='word_1_159' title='bbox 661 2387 833 2455; x_wconf 78' lang='lat' dir='ltr'>Charetem</span> <span class='ocrx_word' id='word_1_160' title='bbox 865 2386 1043 2469; x_wconf 88' lang='lat' dir='ltr'>substituit,</span> <span class='ocrx_word' id='word_1_161' title='bbox 1075 2387 1130 2468; x_wconf 88' lang='lat' dir='ltr'>qui</span> <span class='ocrx_word' id='word_1_162' title='bbox 1159 2388 1246 2470; x_wconf 90' lang='lat' dir='ltr'>apud</span> <span class='ocrx_word' id='word_1_163' title='bbox 1276 2386 1406 2454; x_wconf 88' lang='lat' dir='ltr'>Suidam</span> 
     </span>
     <span class='ocr_line' id='line_1_23' title="bbox 244 2492 1489 2579; baseline -0.001 -19"><span class='ocrx_word' id='word_1_164' title='bbox 244 2494 463 2562; x_wconf 88' lang='lat' dir='ltr'>nominantur.</span> <span class='ocrx_word' id='word_1_165' title='bbox 517 2495 682 2578; x_wconf 77' lang='lat' dir='ltr'>Quaeres</span> <span class='ocrx_word' id='word_1_166' title='bbox 712 2494 930 2579; x_wconf 88' lang='lat' dir='ltr'>suspicionem</span> <span class='ocrx_word' id='word_1_167' title='bbox 960 2500 1081 2562; x_wconf 87' lang='lat' dir='ltr'>movet:</span> <span class='ocrx_word' id='word_1_168' title='bbox 1116 2495 1293 2560; x_wconf 88' lang='lat' dir='ltr'>Demonem</span> <span class='ocrx_word' id='word_1_169' title='bbox 1326 2492 1405 2560; x_wconf 89' lang='lat' dir='ltr'>enim</span> <span class='ocrx_word' id='word_1_170' title='bbox 1488 2533 1489 2540; x_wconf 24' lang='grc' dir='ltr'><strong><em>κ</em></strong></span> 
     </span>
    </p>
   </div>
   <div class='ocr_carea' id='block_1_7' title="bbox 242 2585 1406 2793">
    <p class='ocr_par' dir='ltr' id='par_1_7' title="bbox 242 2585 1406 2793">
     <span class='ocr_line' id='line_1_24' title="bbox 243 2585 1406 2688; baseline -0.001 -22"><span class='ocrx_word' id='word_1_171' title='bbox 243 2599 549 2684; x_wconf 78' lang='lat' dir='ltr'>Callisthenemque,</span> <span class='ocrx_word' id='word_1_172' title='bbox 587 2603 733 2670; x_wconf 87' lang='lat' dir='ltr'>homines</span> <span class='ocrx_word' id='word_1_173' title='bbox 766 2621 880 2686; x_wconf 87' lang='lat' dir='ltr'>parum</span> <span class='ocrx_word' id='word_1_174' title='bbox 912 2601 1046 2680; x_wconf 88' lang='lat' dir='ltr'>nobiles,</span> <span class='ocrx_word' id='word_1_175' title='bbox 1082 2599 1291 2688; x_wconf 61' lang='lat' dir='ltr'>scriptoresu</span> <span class='ocrx_word' id='word_1_176' title='bbox 1329 2585 1406 2682; x_wconf 74' lang='lat' dir='ltr'>quis</span> 
     </span>
     <span class='ocr_line' id='line_1_25' title="bbox 242 2707 1405 2793; baseline -0.003 -19"><span class='ocrx_word' id='word_1_177' title='bbox 242 2708 440 2777; x_wconf 89' lang='lat' dir='ltr'>Plutarchus</span> <span class='ocrx_word' id='word_1_178' title='bbox 470 2708 633 2793; x_wconf 84' lang='lat' dir='ltr'>probavit,</span> <span class='ocrx_word' id='word_1_179' title='bbox 666 2728 730 2776; x_wconf 88' lang='lat' dir='ltr'>non</span> <span class='ocrx_word' id='word_1_180' title='bbox 761 2715 1008 2793; x_wconf 85' lang='lat' dir='ltr'>memorassent,</span> <span class='ocrx_word' id='word_1_181' title='bbox 1042 2707 1105 2775; x_wconf 89' lang='lat' dir='ltr'>nisi</span> <span class='ocrx_word' id='word_1_182' title='bbox 1135 2707 1325 2775; x_wconf 81' lang='lat' dir='ltr'>Alexander</span> <span class='ocrx_word' id='word_1_183' title='bbox 1354 2725 1405 2774; x_wconf 87' lang='lat' dir='ltr'>sos</span> 
     </span>
    </p>
   </div>
   <div class='ocr_carea' id='block_1_8' title="bbox 243 2813 1488 2912">
    <p class='ocr_par' dir='ltr' id='par_1_8' title="bbox 243 2813 1488 2912">
     <span class='ocr_line' id='line_1_26' title="bbox 243 2813 1488 2912; baseline -0.003 -30"><span class='ocrx_word' id='word_1_184' title='bbox 243 2814 449 2900; x_wconf 89' lang='lat' dir='ltr'>poposcisset.</span> <span class='ocrx_word' id='word_1_185' title='bbox 494 2815 680 2884; x_wconf 85' lang='lat' dir='ltr'>Falsarium</span> <span class='ocrx_word' id='word_1_186' title='bbox 708 2822 816 2884; x_wconf 86' lang='lat' dir='ltr'>antem</span> <span class='ocrx_word' id='word_1_187' title='bbox 841 2815 939 2884; x_wconf 79' lang='lat' dir='ltr'>facile</span> <span class='ocrx_word' id='word_1_188' title='bbox 962 2816 1121 2882; x_wconf 88' lang='lat' dir='ltr'>concedes</span> <span class='ocrx_word' id='word_1_189' title='bbox 1144 2834 1202 2897; x_wconf 89' lang='lat' dir='ltr'>pro</span> <span class='ocrx_word' id='word_1_190' title='bbox 1226 2813 1405 2880; x_wconf 90' lang='lat' dir='ltr'>hominibus</span> <span class='ocrx_word' id='word_1_191' title='bbox 1487 2855 1488 2912; x_wconf 58' lang='lat' dir='ltr'>p</span> 
     </span>
    </p>
   </div>
   <div class='ocr_carea' id='block_1_9' title="bbox 242 3133 1402 3296">
    <p class='ocr_par' dir='ltr' id='par_1_9' title="bbox 242 3133 1402 3296">
     <span class='ocr_line' id='line_1_27' title="bbox 332 3133 1402 3206; baseline -0.006 -15"><span class='ocrx_word' id='word_1_192' title='bbox 332 3135 405 3206; x_wconf 76' lang='lat' dir='ltr'>¹)ss.</span> <span class='ocrx_word' id='word_1_193' title='bbox 424 3135 557 3204; x_wconf 80' lang='lat' dir='ltr'>Schaefer,</span> <span class='ocrx_word' id='word_1_194' title='bbox 576 3136 652 3192; x_wconf 85' lang='lat' dir='ltr'>Deru.</span> <span class='ocrx_word' id='word_1_195' title='bbox 671 3137 791 3192; x_wconf 79' lang='lat' dir='ltr'>ussine</span> <span class='ocrx_word' id='word_1_196' title='bbox 810 3137 873 3204; x_wconf 71' lang='lat' dir='ltr'>Zeis,</span> <span class='ocrx_word' id='word_1_197' title='bbox 896 3137 920 3190; x_wconf 84' lang='lat'>2.</span> <span class='ocrx_word' id='word_1_198' title='bbox 940 3137 1071 3206; x_wconf 77' lang='lat' dir='ltr'>Ausgabe.</span> <span class='ocrx_word' id='word_1_199' title='bbox 1094 3135 1142 3203; x_wconf 83' lang='grc' dir='ltr'>ΠΙ,</span> <span class='ocrx_word' id='word_1_200' title='bbox 1162 3150 1187 3203; x_wconf 83' lang='grc' dir='ltr'>ρ.</span> <span class='ocrx_word' id='word_1_201' title='bbox 1208 3135 1258 3191; x_wconf 81' lang='grc'>137</span> <span class='ocrx_word' id='word_1_202' title='bbox 1282 3149 1322 3204; x_wconf 91' lang='lat' dir='ltr'>sq.</span> <span class='ocrx_word' id='word_1_203' title='bbox 1347 3133 1402 3188; x_wconf 85' lang='lat' dir='ltr'>adn.</span> 
     </span>
     <span class='ocr_line' id='line_1_28' title="bbox 242 3221 1401 3296; baseline -0.009 -12"><span class='ocrx_word' id='word_1_204' title='bbox 242 3229 272 3296; x_wconf 80' lang='lat'>23</span> <span class='ocrx_word' id='word_1_205' title='bbox 288 3229 315 3281; x_wconf 86' lang='lat' dir='ltr'>st</span> <span class='ocrx_word' id='word_1_206' title='bbox 332 3224 481 3280; x_wconf 83' lang='lat' dir='ltr'>Bdhneche.</span> <span class='ocrx_word' id='word_1_207' title='bbox 500 3223 753 3293; x_wconf 82' lang='lat' dir='ltr'>Forsohungeu,auf</span> <span class='ocrx_word' id='word_1_208' title='bbox 765 3226 825 3280; x_wconf 83' lang='lat' dir='ltr'>dom</span> <span class='ocrx_word' id='word_1_209' title='bbox 841 3225 950 3280; x_wconf 82' lang='lat' dir='ltr'>uebieto</span> <span class='ocrx_word' id='word_1_210' title='bbox 963 3227 1009 3279; x_wconf 87' lang='lat' dir='ltr'>dar</span> <span class='ocrx_word' id='word_1_211' title='bbox 1023 3224 1161 3280; x_wconf 87' lang='lat' dir='ltr'>Attischen</span> <span class='ocrx_word' id='word_1_212' title='bbox 1175 3221 1288 3292; x_wconf 75' lang='lat' dir='ltr'>Reddet,</span> <span class='ocrx_word' id='word_1_213' title='bbox 1308 3221 1401 3288; x_wconf 87' lang='lat' dir='ltr'>Berlin,</span> 
     </span>
    </p>
   </div>
   <div class='ocr_carea' id='block_1_10' title="bbox 243 3313 516 3382">
    <p class='ocr_par' dir='ltr' id='par_1_10' title="bbox 243 3313 516 3382">
     <span class='ocr_line' id='line_1_29' title="bbox 243 3313 516 3382; baseline -0.015 -12"><span class='ocrx_word' id='word_1_214' title='bbox 243 3313 312 3372; x_wconf 79' lang='lat'>1843</span> <span class='ocrx_word' id='word_1_215' title='bbox 330 3313 352 3382; x_wconf 88' lang='lat' dir='ltr'>I,</span> <span class='ocrx_word' id='word_1_216' title='bbox 372 3313 396 3382; x_wconf 87' lang='grc'>2,</span> <span class='ocrx_word' id='word_1_217' title='bbox 416 3328 440 3382; x_wconf 87' lang='grc' dir='ltr'>ρ.</span> <span class='ocrx_word' id='word_1_218' title='bbox 456 3313 516 3368; x_wconf 85' lang='grc'>645.</span> 
     </span>
    </p>
   </div>
   <div class='ocr_carea' id='block_1_11' title="bbox 241 3436 1401 3868">
    <p class='ocr_par' dir='ltr' id='par_1_11' title="bbox 241 3436 1401 3868">
     <span class='ocr_line' id='line_1_30' title="bbox 330 3436 1401 3509; baseline -0.004 -17"><span class='ocrx_word' id='word_1_219' title='bbox 330 3437 410 3507; x_wconf 84' lang='lat' dir='ltr'>¹)Ol.</span> <span class='ocrx_word' id='word_1_220' title='bbox 430 3436 588 3494; x_wconf 87' lang='lat' dir='ltr'>Boehnoohe</span> <span class='ocrx_word' id='word_1_221' title='bbox 606 3437 666 3492; x_wconf 90' lang='lat' dir='ltr'>ibid.</span> <span class='ocrx_word' id='word_1_222' title='bbox 686 3455 710 3508; x_wconf 90' lang='lat' dir='ltr'>p.</span> <span class='ocrx_word' id='word_1_223' title='bbox 729 3438 782 3493; x_wconf 69' lang='lat'>645</span> <span class='ocrx_word' id='word_1_224' title='bbox 801 3453 841 3508; x_wconf 84' lang='lat' dir='ltr'>sq.</span> <span class='ocrx_word' id='word_1_225' title='bbox 861 3441 888 3492; x_wconf 86' lang='lat' dir='ltr'>et</span> <span class='ocrx_word' id='word_1_226' title='bbox 905 3437 1036 3497; x_wconf 81' lang='lat' dir='ltr'>Scheelor</span> <span class='ocrx_word' id='word_1_227' title='bbox 1053 3439 1124 3509; x_wconf 84' lang='lat' dir='ltr'>ibid,</span> <span class='ocrx_word' id='word_1_228' title='bbox 1146 3439 1192 3509; x_wconf 87' lang='lat' dir='ltr'>qui</span> <span class='ocrx_word' id='word_1_229' title='bbox 1208 3439 1289 3494; x_wconf 84' lang='lat' dir='ltr'>etiam</span> <span class='ocrx_word' id='word_1_230' title='bbox 1308 3451 1401 3491; x_wconf 87' lang='lat' dir='ltr'>noman</span> 
     </span>
     <span class='ocr_line' id='line_1_31' title="bbox 241 3522 1401 3599; baseline -0.002 -19"><span class='ocrx_word' id='word_1_231' title='bbox 241 3522 419 3597; x_wconf 80' lang='grc' dir='ltr'><strong><em>Κάσσανδρον</em></strong></span> <span class='ocrx_word' id='word_1_232' title='bbox 437 3525 553 3585; x_wconf 85' lang='lat' dir='ltr'>includit.</span> <span class='ocrx_word' id='word_1_233' title='bbox 569 3526 666 3582; x_wconf 84' lang='lat' dir='ltr'>Contra</span> <span class='ocrx_word' id='word_1_234' title='bbox 679 3526 771 3595; x_wconf 85' lang='lat' dir='ltr'>Gleye,</span> <span class='ocrx_word' id='word_1_235' title='bbox 785 3527 906 3584; x_wconf 87' lang='lat' dir='ltr'>Berliner</span> <span class='ocrx_word' id='word_1_236' title='bbox 918 3527 981 3599; x_wconf 89' lang='lat' dir='ltr'>phil.</span> <span class='ocrx_word' id='word_1_237' title='bbox 1000 3527 1215 3584; x_wconf 85' lang='lat' dir='ltr'>Wochonschrift</span> <span class='ocrx_word' id='word_1_238' title='bbox 1233 3529 1268 3584; x_wconf 78' lang='lat'>25</span> <span class='ocrx_word' id='word_1_239' title='bbox 1286 3526 1359 3580; x_wconf 75' lang='lat' dir='ltr'>Mum</span> <span class='ocrx_word' id='word_1_240' title='bbox 1370 3523 1401 3578; x_wconf 87' lang='lat' dir='ltr'>N.</span> 
     </span>
     <span class='ocr_line' id='line_1_32' title="bbox 242 3612 1401 3687; baseline -0.001 -18"><span class='ocrx_word' id='word_1_241' title='bbox 242 3617 283 3685; x_wconf 86' lang='lat'>13,</span> <span class='ocrx_word' id='word_1_242' title='bbox 300 3615 369 3673; x_wconf 84' lang='grc'>1893</span> <span class='ocrx_word' id='word_1_243' title='bbox 381 3632 406 3684; x_wconf 86' lang='lat' dir='ltr'>p.</span> <span class='ocrx_word' id='word_1_244' title='bbox 420 3615 480 3685; x_wconf 85' lang='lat'>398,</span> <span class='ocrx_word' id='word_1_245' title='bbox 494 3616 545 3687; x_wconf 86' lang='lat' dir='ltr'>qui,</span> <span class='ocrx_word' id='word_1_246' title='bbox 560 3616 697 3671; x_wconf 86' lang='lat' dir='ltr'>nominum</span> <span class='ocrx_word' id='word_1_247' title='bbox 715 3617 806 3672; x_wconf 82' lang='lat' dir='ltr'>ordine</span> <span class='ocrx_word' id='word_1_248' title='bbox 827 3618 928 3672; x_wconf 70' lang='lat' dir='ltr'>mutabo</span> <span class='ocrx_word' id='word_1_249' title='bbox 944 3614 1139 3687; x_wconf 77' lang='grc' dir='ltr'><strong><em>Ἀριστόβουλον</em></strong></span> <span class='ocrx_word' id='word_1_250' title='bbox 1157 3617 1204 3670; x_wconf 82' lang='grc' dir='ltr'>τὸν</span> <span class='ocrx_word' id='word_1_251' title='bbox 1231 3612 1401 3685; x_wconf 77' lang='grc' dir='ltr'><strong><em>Κασσανδρέν</em></strong></span> 
     </span>
     <span class='ocr_line' id='line_1_33' title="bbox 241 3702 1399 3777; baseline -0.003 -17"><span class='ocrx_word' id='word_1_252' title='bbox 241 3721 288 3775; x_wconf 89' lang='lat' dir='ltr'>pro</span> <span class='ocrx_word' id='word_1_253' title='bbox 299 3702 482 3775; x_wconf 74' lang='grc' dir='ltr'><strong><em>θραουβουλον</em></strong></span> <span class='ocrx_word' id='word_1_254' title='bbox 494 3708 521 3761; x_wconf 91' lang='lat' dir='ltr'>et</span> <span class='ocrx_word' id='word_1_255' title='bbox 533 3702 706 3777; x_wconf 80' lang='grc' dir='ltr'><strong><em>Κάσσανδρον</em></strong></span> <span class='ocrx_word' id='word_1_256' title='bbox 715 3706 858 3776; x_wconf 88' lang='lat' dir='ltr'>legendum</span> <span class='ocrx_word' id='word_1_257' title='bbox 868 3709 966 3776; x_wconf 86' lang='lat' dir='ltr'>censet,</span> <span class='ocrx_word' id='word_1_258' title='bbox 979 3708 1054 3775; x_wconf 81' lang='lat' dir='ltr'>putat</span> <span class='ocrx_word' id='word_1_259' title='bbox 1065 3707 1131 3761; x_wconf 79' lang='lat' dir='ltr'>haec</span> <span class='ocrx_word' id='word_1_260' title='bbox 1143 3706 1250 3762; x_wconf 89' lang='lat' dir='ltr'>nomina</span> <span class='ocrx_word' id='word_1_261' title='bbox 1262 3705 1399 3762; x_wconf 83' lang='lat' dir='ltr'>memoriae</span> 
     </span>
     <span class='ocr_line' id='line_1_34' title="bbox 242 3794 1192 3868; baseline 0.004 -20"><span class='ocrx_word' id='word_1_262' title='bbox 242 3794 345 3865; x_wconf 84' lang='lat' dir='ltr'>prodita</span> <span class='ocrx_word' id='word_1_263' title='bbox 361 3809 420 3850; x_wconf 89' lang='lat' dir='ltr'>esse</span> <span class='ocrx_word' id='word_1_264' title='bbox 440 3795 472 3848; x_wconf 79' lang='lat' dir='ltr'>ab</span> <span class='ocrx_word' id='word_1_265' title='bbox 489 3795 644 3867; x_wconf 76' lang='lat' dir='ltr'>Aristobulo,</span> <span class='ocrx_word' id='word_1_266' title='bbox 660 3813 694 3851; x_wconf 83' lang='lat' dir='ltr'>ox</span> <span class='ocrx_word' id='word_1_267' title='bbox 708 3812 759 3868; x_wconf 89' lang='lat' dir='ltr'>quo</span> <span class='ocrx_word' id='word_1_268' title='bbox 784 3797 925 3850; x_wconf 84' lang='lat' dir='ltr'>Arriannm</span> <span class='ocrx_word' id='word_1_269' title='bbox 939 3811 970 3849; x_wconf 91' lang='lat' dir='ltr'>ea</span> <span class='ocrx_word' id='word_1_270' title='bbox 989 3796 1192 3866; x_wconf 85' lang='lat' dir='ltr'>deprompsisse.</span> 
     </span>
    </p>
   </div>
   <div class='ocr_carea' id='block_1_12' title="bbox 331 3917 1486 3991">
    <p class='ocr_par' dir='ltr' id='par_1_12' title="bbox 331 3917 1486 3991">
     <span class='ocr_line' id='line_1_35' title="bbox 331 3917 1486 3991; baseline -0.003 -18"><span class='ocrx_word' id='word_1_271' title='bbox 331 3919 350 3988; x_wconf 77' lang='lat'>¹)</span> <span class='ocrx_word' id='word_1_272' title='bbox 373 3919 537 3989; x_wconf 73' lang='lat' dir='ltr'>Boehnecha</span> <span class='ocrx_word' id='word_1_273' title='bbox 558 3921 618 3976; x_wconf 94' lang='lat' dir='ltr'>ibid.</span> <span class='ocrx_word' id='word_1_274' title='bbox 647 3938 673 3991; x_wconf 89' lang='lat' dir='ltr'>p.</span> <span class='ocrx_word' id='word_1_275' title='bbox 695 3923 756 3990; x_wconf 80' lang='lat'>642,</span> <span class='ocrx_word' id='word_1_276' title='bbox 775 3921 829 3978; x_wconf 85' lang='grc'>644</span> <span class='ocrx_word' id='word_1_277' title='bbox 847 3923 875 3974; x_wconf 92' lang='lat' dir='ltr'>et</span> <span class='ocrx_word' id='word_1_278' title='bbox 902 3919 1009 3990; x_wconf 82' lang='lat' dir='ltr'>Baloch,</span> <span class='ocrx_word' id='word_1_279' title='bbox 1032 3920 1081 3974; x_wconf 84' lang='lat' dir='ltr'>Die</span> <span class='ocrx_word' id='word_1_280' title='bbox 1100 3920 1220 3974; x_wconf 85' lang='lat' dir='ltr'>Attische</span> <span class='ocrx_word' id='word_1_281' title='bbox 1244 3919 1339 3974; x_wconf 75' lang='lat' dir='ltr'>Politik&#39;</span> <span class='ocrx_word' id='word_1_282' title='bbox 1353 3917 1399 3972; x_wconf 84' lang='lat' dir='ltr'>soil</span> <span class='ocrx_word' id='word_1_283' title='bbox 1485 3927 1486 3982; x_wconf 49' lang='grc' dir='ltr'><strong><em>ι</em></strong></span> 
     </span>
    </p>
   </div>
   <div class='ocr_carea' id='block_1_13' title="bbox 239 4007 1398 4242">
    <p class='ocr_par' dir='ltr' id='par_1_13' title="bbox 239 4007 1398 4242">
     <span class='ocr_line' id='line_1_36' title="bbox 241 4007 1398 4080; baseline -0.004 -16"><span class='ocrx_word' id='word_1_284' title='bbox 241 4008 368 4079; x_wconf 81' lang='lat' dir='ltr'>Perilles,</span> <span class='ocrx_word' id='word_1_285' title='bbox 386 4010 493 4079; x_wconf 84' lang='lat' dir='ltr'>Leipzig</span> <span class='ocrx_word' id='word_1_286' title='bbox 512 4014 580 4068; x_wconf 80' lang='lat'>1884</span> <span class='ocrx_word' id='word_1_287' title='bbox 598 4026 623 4079; x_wconf 89' lang='lat' dir='ltr'>p.</span> <span class='ocrx_word' id='word_1_288' title='bbox 643 4013 695 4067; x_wconf 78' lang='lat' dir='ltr'>ull</span> <span class='ocrx_word' id='word_1_289' title='bbox 714 4011 773 4067; x_wconf 87' lang='lat' dir='ltr'>adn.</span> <span class='ocrx_word' id='word_1_290' title='bbox 792 4010 818 4072; x_wconf 88' lang='grc'>4,</span> <span class='ocrx_word' id='word_1_291' title='bbox 836 4011 927 4063; x_wconf 87' lang='lat' dir='ltr'>dicunt</span> <span class='ocrx_word' id='word_1_292' title='bbox 944 4009 1039 4063; x_wconf 87' lang='lat' dir='ltr'>horum</span> <span class='ocrx_word' id='word_1_293' title='bbox 1053 4011 1210 4080; x_wconf 88' lang='lat' dir='ltr'>scriptorum</span> <span class='ocrx_word' id='word_1_294' title='bbox 1223 4007 1398 4064; x_wconf 82' lang='lat' dir='ltr'>testimoninm</span> 
     </span>
     <span class='ocr_line' id='line_1_37' title="bbox 240 4095 1398 4168; baseline -0.003 -18"><span class='ocrx_word' id='word_1_295' title='bbox 240 4097 339 4152; x_wconf 89' lang='lat' dir='ltr'>nullius</span> <span class='ocrx_word' id='word_1_296' title='bbox 364 4099 491 4154; x_wconf 89' lang='lat' dir='ltr'>momenti</span> <span class='ocrx_word' id='word_1_297' title='bbox 502 4114 568 4156; x_wconf 83' lang='lat' dir='ltr'>esse.</span> <span class='ocrx_word' id='word_1_298' title='bbox 606 4098 769 4167; x_wconf 81' lang='lat' dir='ltr'>Schaefems,</span> <span class='ocrx_word' id='word_1_299' title='bbox 788 4098 830 4152; x_wconf 84' lang='lat' dir='ltr'>aui</span> <span class='ocrx_word' id='word_1_300' title='bbox 848 4098 985 4167; x_wconf 83' lang='lat' dir='ltr'>assentior,</span> <span class='ocrx_word' id='word_1_301' title='bbox 1004 4098 1065 4153; x_wconf 90' lang='lat' dir='ltr'>ibid.</span> <span class='ocrx_word' id='word_1_302' title='bbox 1094 4115 1119 4167; x_wconf 91' lang='lat' dir='ltr'>p.</span> <span class='ocrx_word' id='word_1_303' title='bbox 1143 4101 1195 4157; x_wconf 80' lang='grc'>138</span> <span class='ocrx_word' id='word_1_304' title='bbox 1222 4114 1261 4168; x_wconf 83' lang='lat' dir='ltr'>sq.</span> <span class='ocrx_word' id='word_1_305' title='bbox 1289 4098 1347 4152; x_wconf 84' lang='lat' dir='ltr'>adn.</span> <span class='ocrx_word' id='word_1_306' title='bbox 1369 4095 1398 4147; x_wconf 89' lang='lat' dir='ltr'>iis</span> 
     </span>
     <span class='ocr_line' id='line_1_38' title="bbox 239 4185 423 4242; baseline 0.005 -3"><span class='ocrx_word' id='word_1_307' title='bbox 239 4185 318 4240; x_wconf 86' lang='lat' dir='ltr'>fidem</span> <span class='ocrx_word' id='word_1_308' title='bbox 337 4185 423 4242; x_wconf 85' lang='lat' dir='ltr'>habat.</span> 
     </span>
    </p>
   </div>
   <div class='ocr_carea' id='block_1_14' title="bbox 0 0 1508 4614">
    <p class='ocr_par' dir='ltr' id='par_1_14' title="bbox 0 0 1508 4614">
     <span class='ocr_line' id='line_1_39' title="bbox 0 0 1508 4614; baseline 0 5"><span class='ocrx_word' id='word_1_309' title='bbox 0 0 1508 4614; x_wconf 95' lang='lat' dir='ltr'> </span> 
     </span>
    </p>
   </div>
  </div>
 </body>
</html>
