3016 4612
659 177 702 243 65

252 367 439 447 Ἀλεξάνδρου
462 365 516 451 γάρ
539 379 693 448 πορφυροῖς
722 375 852 448 ἐσθῆτας
881 367 1067 441 κελεύσαντος
1093 368 1270 445 καιοισκονά·

257 474 313 547 ζειν
335 473 402 552 τοὺς
418 472 565 554 Ἕλλγνας,
589 474 622 536 ἵν’
649 474 816 537 ἐπανελθὼν
845 473 884 536 τά
911 480 1034 537 ἐπινίκια
1062 485 1114 538 rod
1142 478 1269 552 πολέμου

256 593 307 642 τοῦ
329 579 405 642 κατά
427 577 659 662 τῶνβαρβάρων
681 579 784 642 θύσειν
807 584 867 646 κτλ.

95 688 251 771 Ejusdem
274 688 435 770 epistulae
458 688 655 754 mentionem
686 687 768 754 facit
790 688 982 755 Athenaeus
1015 688 1094 768 ΧΠ,
1126 684 1267 769 55,539f.

258 793 385 876 ἔγραψεν
419 796 449 856 δὲ
480 797 533 856 καί
564 815 635 855 πονο
663 792 851 872 Ἀλέξανδρος
881 792 955 882 [καὶ]
968 795 991 880 ¹)
1019 807 1084 865 παῖς
1114 799 1144 856 ίν
1171 793 1268 869 Ἰωνία

256 901 371 962 πόλεσιν
395 903 444 960 καὶ
467 898 590 981 πρώτοις
612 902 713 972 Χίοις,
747 897 826 970 ὅπως
848 900 927 977 adad)
951 899 1105 980 πορφύραν
1133 898 1268 961 άποσνιί-

257 1009 344 1068 λωσιν
367 1054 376 1073 .
401 1058 409 1074 .
433 1056 441 1071 .
464 1058 472 1072 .
496 1005 732 1086 ἀναγνωσθείσης
755 1007 786 1067 δὲ
808 1015 859 1084 τῆς
881 1009 1032 1084 ἐπιπολῆς
1054 1010 1140 1076 Χίοις
1162 1008 1221 1070 καλ.

96 1131 189 1197 Haec
214 1129 358 1213 epistula
381 1136 441 1196 aut
463 1149 504 1197 ex
525 1129 610 1196 libro
635 1130 830 1211 deprompta
853 1135 914 1214 est,
942 1129 975 1196 in
999 1149 1062 1211 quo
1086 1127 1270 1196 Alexandri

95 1236 320 1317 sodaliumque
343 1235 474 1303 luxuria
497 1235 666 1319 descripta
689 1244 772 1321 erat,
808 1241 845 1302 ut
867 1237 1041 1304 Kaerstius
1066 1235 1197 1320 (Philol.
1221 1235 1268 1300 LI

97 1363 125 1424 p.
142 1341 224 1421 604)
240 1346 344 1424 putat,
369 1352 426 1409 aut
441 1362 462 1408 a
477 1343 637 1424 scriptore
654 1341 829 1409 memoriae
848 1343 981 1424 prodita
1004 1349 1067 1423 est,
1090 1340 1145 1423 qui
1168 1340 1268 1406 tradi-

96 1450 191 1515 derat
215 1448 332 1530 qnihus
357 1448 398 1512 de
422 1448 528 1513 causis
552 1447 746 1514 Theocritus
769 1447 952 1514 Alexandri
974 1448 1083 1514 odium
1107 1445 1169 1514 sibi
1193 1464 1268 1512 con-

96 1553 217 1637 flasset,
241 1554 276 1619 id
292 1554 376 1635 quod
391 1555 434 1619 ad
449 1552 625 1622 veritatem
638 1553 768 1636 propius
781 1556 940 1619 accedere
953 1552 1101 1621 videtur:
1128 1551 1268 1634 epistula

96 1660 181 1726 enim
203 1679 269 1726 non
292 1660 435 1742 affertur,
461 1666 498 1726 nt
513 1659 697 1726 Alexandri
718 1660 848 1726 luxuria
872 1662 1123 1741 demonstretur,
1149 1660 1209 1725 sed
1232 1668 1269 1724 nt

96 1765 265 1835 ‘lheocriti
286 1768 390 1834 verba
412 1765 644 1848 proferantur

20 1953 21 1962 ,
187 1891 368 1958 Alexandri
399 1891 574 1974 epistulam
607 1891 647 1956 dc
678 1889 844 1957 exsulibus
876 1890 1091 1956 restituendis
1099 1890 1125 1976 2)
1155 1890 1267 1956 datam

96 2003 257 2063 memorat
279 1996 477 2062 Plutarchus
500 1995 664 2078 Apophth.
687 1995 806 2062 Lacon.
831 1993 926 2064 2213.

20 2107 21 2128 ³
251 2099 439 2182 Ἀλεξάνδρου
461 2103 492 2163 δὲ
512 2099 684 2181 κηρύξαντος
704 2107 733 2162 dc
756 2103 897 2180 Ὀλυμπίᾳ
913 2106 1039 2163 καιιίναι
1054 2099 1121 2173 τοὺς
1137 2100 1269 2182 φυγάδας

258 2205 391 2280 ἅπαντας
414 2213 452 2279 εἰς
476 2206 526 2285 τὴν
549 2212 624 2270 ἰδίαν
646 2205 719 2286 πλὴν
744 2209 881 2289 Θηβαίων
903 2211 963 2275 κτλ,

97 2314 200 2382 Verbi
217 2333 326 2398 causa,
351 2316 439 2396 quod
455 2320 506 2382 est
522 2317 564 2382 ad
581 2314 754 2395 epistulam
770 2313 970 2396 adjunctum,
995 2319 1054 2380 aut
1068 2315 1269 2381 Plutarchus

98 2429 153 2486 aut
176 2420 328 2503 scriptor,
362 2439 457 2502 quem
487 2419 544 2486 ille
568 2422 724 2504 sequitur,
758 2423 895 2502 Θηβαιων
917 2421 1049 2504 scripsit
1073 2440 1130 2504 pro
1154 2427 1268 2501 ἐναγῶν,

21 2613 22 2616 ¹
99 2525 255 2609 Ejusdem
287 2525 449 2608 epistulae
480 2525 676 2592 mentionem
709 2523 792 2592 facit
820 2525 1006 2609 Hyperides
1030 2523 1105 2587 uacci
1129 2531 1266 2604 Δημοσο.

20 2663 22 2682 ÷
98 2629 213 2714 fragm.
237 2632 286 2699 IV
309 2632 433 2717 (VIII).
776 2636 779 2642 ’

256 2735 293 2800 τά
316 2740 340 2799 8
366 2744 396 2800 ἐν
417 2736 632 2818 Πελοποννήσῳ
660 2742 707 2800 καὶ
736 2749 771 2819 τῇ
801 2737 873 2818 άλλῃ
901 2736 1017 2801 Ἑλλάδι
1047 2735 1137 2809 οὕτως
1167 2736 1268 2820 ἔχοντα

256 2847 417 2924 κατέλαβον
439 2843 496 2907 ὑπὸ
519 2855 568 2923 τῆς
591 2845 716 2924 ἀφίξεως
742 2855 793 2924 τῆς
815 2845 979 2923 Νικάνορος
1009 2847 1058 2906 καλ
1080 2855 1134 2906 νῶν
1157 2850 1269 2925 ἐπιταγ-

255 2949 355 3027 μάτων
377 2946 414 3014 ὧν
437 2947 503 3030 ἧκον
525 2957 621 3033 φέρων
641 2954 709 3031 παρ’
731 2951 921 3028 Ἀλεξάνδρου
936 2956 1007 3033 πυρί
1017 2976 1049 3014 νο
1063 2963 1118 3015 τῶν
1134 2951 1269 3033 φυγάδων

257 3060 305 3117 καὶ
328 3060 393 3137 περὶ
415 3067 467 3118 νοῦ
488 3055 555 3128 τοὺς
577 3057 688 3128 κοινοὺς
711 3055 865 3137 συλλόγους
888 3058 1010 3140 Ἀχαιῶν
1036 3080 1068 3120 ιο
1095 3061 1144 3119 καὶ
1162 3058 1268 3139 Ἀρκά-

256 3167 314 3224 ooo
336 3167 384 3224 καὶ
407 3166 555 3229 Βοιωτῶν.
602 3163 731 3230 Desunt
753 3184 785 3232 v.
809 3163 903 3230 XII?

99 3265 178 3334 Rem
201 3267 319 3336 leviter
348 3267 460 3352 attigit
483 3268 621 3337 Photins
644 3270 811 3355 (Biblioth.
837 3272 908 3338 cod.
934 3270 1106 3337 coxam
1128 3272 1192 3340 vol.
1216 3272 1269 3338 ΙΠ

99 3390 127 3452 p.
150 3373 236 3440 1309
261 3377 312 3441 ed.
333 3375 487 3460 Migne.)=
505 3376 635 3444 Curtius
651 3377 709 3462 (X,
734 3377 777 3460 lI,
802 3376 836 3464 7)
860 3378 941 3444 dicit
957 3378 1180 3444 Alexandrum
1200 3379 1268 3462 jus·

101 3478 179 3547 sisse
206 3481 345 3564 arsulae,
369 3490 503 3565 praeter
527 3501 593 3566 eos,
625 3483 679 3564 qui
702 3483 793 3551 civili
816 3485 974 3567 sanguine
999 3487 1124 3567 aspersi
1149 3495 1266 3568 essent,

101 3587 138 3652 ab
155 3589 304 3653 omnibns
321 3588 523 3655 Graecorum
539 3589 739 3672 civitatibus,
765 3592 882 3670 quibus
904 3591 992 3672 pulsi
1015 3596 1133 3672 essent,
1158 3591 1267 3673 recipi.

20 3737 21 3742 η
102 3689 264 3774 copiosius
298 3695 339 3758 de
368 3712 405 3759 rc
435 3701 656 3764 narraverunt
685 3695 838 3762 Justinus
869 3695 966 3780 XIII,
1003 3695 1081 3762 bet
1104 3695 1267 3762 Diodorus

101 3843 308 3855 Q———n—

185 3923 209 3992 1)
225 3922 398 3977 Sonbendum
410 3923 534 3980 fumasse:
550 3921 664 3993 ἔγραφεν
679 3921 706 3976 δέ
717 3941 779 3977 ποτε
791 3923 836 3979 vel
846 3918 905 3977 τότε
917 3920 1089 3994 Ἀλέξανδρος
1101 3927 1146 3976 καὶ
1157 3923 1215 3980 ταῖς
1227 3920 1268 3977 ἒν-

100 4003 186 4076 Ἰιονίρι
208 4007 307 4064 πόλεσι.

185 4115 208 4184 ¹)
227 4115 259 4168 Id
279 4115 353 4184 quod
372 4116 489 4170 Nicanor
510 4115 638 4186 Olympiis
656 4118 826 4186 renuntiarit
852 4118 1034 4172 Alexandrum
1052 4119 1189 4172 incastris
1208 4135 1268 4188 pro·

102 4205 234 4258 nuntiasse
254 4206 363 4272 apparet
381 4221 415 4258 ex
434 4204 510 4259 titulo
526 4206 585 4273 119,
604 4223 630 4260 v.
647 4207 678 4258 11
699 4221 738 4273 sq.
756 4205 942 4274 Dittenberger
955 4206 1060 4276 Sylloge
1078 4207 1155 4260 inser.
1175 4207 1268 4263 Graec.

1054 4298 1071 4350 5
