3016 4612
761 148 804 216 60

198 349 345 428 γενομένην
368 353 396 408 οἱ
418 349 501 407 Ἰνδοί
525 349 711 426 ἐκπλαγέντες
734 344 871 428 φεύγοιεν,
895 345 929 408 οὗ
951 344 1108 427 πόρρωθεν
1131 345 1254 419 ἵξεσθαι
1278 346 1377 408 αὐτῶν

197 450 272 514 κατά
294 450 344 532 τήν
368 451 465 536 φυγήν,
491 453 527 524 ὡς
550 455 667 514 πλείονα
691 459 720 514 έν
743 465 778 533 τῇ
806 453 990 535 άπογιορήσει
1020 451 1071 516 τὸν
1099 451 1188 532 φόνον
1220 452 1377 535 γενόμενον

200 559 290 640 ὀλίγον
313 558 523 622 δπολείπεσθαι
547 561 626 636 αὐτῷ
645 558 678 622 τὸ
702 558 792 641 ἔργον.
843 561 886 628 ΙΙΙ
917 560 1057 642 epistula
1087 561 1170 626 haec
1199 560 1375 642 leguntur:

201 663 304 746 διαβάς
341 668 372 727 δὲ
401 663 455 729 τοῖνν
485 666 575 739 πεζῶν
610 665 700 728 είκοσι
731 671 868 738 σταδίους
898 677 1097 746 προϊππεῦσαι
1119 666 1312 748 λογιζόμενος,
1348 670 1380 727 εἰ

201 774 253 850 μὲν
287 778 315 834 ολ
346 775 477 850 πολέμιοι
510 785 570 845 τοῖς
604 772 703 844 ἵπποις
736 772 944 854 προσβάλοιεν,
979 772 1054 836 πολὺ
1083 773 1248 855 κρατήσειν,
1284 778 1312 834 εἰ
1341 773 1376 834 δὲ

201 892 303 942 κινοῖεν
324 877 375 958 τήν
398 877 546 962 φάλαγγα,
579 880 755 959 φθήσεσθαι
785 877 851 951 τοὺς
880 877 981 952 πεζοὺς
1013 880 1092 958 αὐτῷ
1118 885 1375 961 προσγενομένους.

198 985 290 1052 Haeo
319 987 469 1054 breviter
500 985 639 1067 quidem,
671 989 729 1052 sed
761 993 875 1068 aperte
900 987 1124 1053 demonstrant
1148 1005 1209 1067 quo
1234 985 1377 1053 oonsilio

198 1093 390 1159 Alexander
424 1112 502 1160 usus
537 1094 579 1158 ab
619 1093 783 1174 equitibus
815 1092 987 1160 comitatus
1023 1092 1232 1175 pedestribus
1268 1092 1376 1175 copiis

201 1198 368 1266 anteierit.
415 1201 604 1282 Praeterea,
628 1201 663 1266 id
687 1201 772 1280 quod
796 1199 907 1281 magni
929 1200 1085 1266 momenti
1110 1207 1175 1282 est,
1200 1201 1376 1266 eonsilium

200 1306 392 1390 Alexandri,
417 1308 503 1387 quod
525 1308 614 1388 apud
636 1306 813 1373 Arrianum
828 1306 957 1390 legitur,
982 1309 1189 1374 temerarium
1206 1315 1258 1372 est
1272 1313 1377 1387 atque

199 1430 371 1495 praeceps:
408 1419 539 1495 putasse
575 1413 659 1478 enim
690 1413 880 1479 Alexander
915 1413 1036 1480 dieitur
1072 1431 1106 1478 se
1137 1412 1318 1494 equitibus,
1352 1431 1375 1476 a

200 1521 315 1599 quiam
340 1519 510 1585 comitatus
534 1527 616 1603 erat,
640 1519 694 1584 vel
718 1537 829 1585 omnes
844 1519 922 1585 Pori
940 1519 1051 1600 copias
1074 1517 1251 1602 profligare
1273 1537 1376 1600 posse

200 1633 256 1692 aut
278 1624 320 1691 iis
343 1645 468 1693 moram
484 1625 604 1693 faeere.
636 1624 799 1691 Arrianus
815 1625 902 1690 enim
918 1625 1014 1690 dicit:
1038 1623 1146 1706 γνώμην
1161 1626 1191 1686 οῖ
1208 1629 1378 1703 ἐπεποίητο,

199 1734 236 1802 ὡς
259 1737 286 1793 εί
305 1733 357 1809 μὲν
379 1732 570 1812 προσμίξειαν
593 1731 671 1810 αὐτῷ
691 1738 719 1793 οἱ
734 1732 810 1809 άμφλ
826 1729 875 1793 τὸν
890 1737 997 1814 Πῶρον
1012 1731 1061 1805 ξὺν
1075 1741 1109 1810 τῇ
1126 1729 1243 1809 δυνάμει
1258 1729 1375 1817 άπάση,

200 1837 216 1918 ἢ
237 1838 388 1919 κρατήσειν
413 1840 504 1901 αὐτῶν
528 1839 561 1901 ου’
579 1841 707 1920 χαλεπῶς
721 1848 755 1918 τῇ
772 1837 851 1912 ἵππῳ
866 1836 1041 1920 προσβαλὼν
1057 1836 1073 1917 ή
1089 1839 1315 1920 άπομαχεῖσθαί
1329 1864 1373 1919 γε.

200 1945 376 2013 Consilium
392 1954 511 2029 autem,
529 1947 615 2026 quod
630 1947 702 2013 viro
715 1944 867 2026 prudenti
878 1965 1049 2026 rerumque
1060 1945 1251 2012 bellicarum
1264 1943 1376 2026 perito

200 2055 336 2136 dignum
359 2061 420 2137 est,
446 2053 587 2136 epistula
611 2053 794 2136 exhibetur,
819 2053 875 2118 ubi
897 2054 1056 2134 seriptum
1087 2051 1240 2135 legimus:
1271 2056 1299 2112 ει
1317 2054 1376 2129 μὲν

200 2167 228 2222 οἱ
250 2160 380 2235 πολέμιοι
409 2172 469 2230 τοῖς
495 2158 594 2230 ἵπποις
616 2159 823 2240 προσβάλοιεν,
853 2156 927 2220 πολὺ
956 2160 1121 2239 κρατήσειν,
1156 2163 1184 2220 εί
1208 2160 1238 2221 δὲ
1268 2172 1376 2222 κινοῖεν

200 2264 249 2344 τήν
272 2265 425 2347 φάλαγγα,
458 2264 636 2344 φθήσεσθαι
667 2263 733 2336 τοὺς
756 2262 857 2338 πεζοὺς
880 2266 958 2344 αὐτῷ
977 2271 1230 2348 προσγενομένους.
1277 2266 1376 2334 Haec

200 2379 268 2438 tam
292 2373 386 2438 firma
410 2377 606 2455 argumenta
630 2378 715 2455 sunt,
740 2386 778 2438 ut
800 2375 834 2438 in
850 2382 1001 2454 promptu
1018 2372 1061 2440 sit
1077 2371 1250 2455 epistulam
1265 2390 1376 2453 neque

201 2499 241 2546 ex
264 2479 444 2547 Ptolemaei
467 2480 622 2546 memoria
647 2479 850 2563 produxisse,
875 2499 981 2560 neque
1005 2499 1026 2545 a
1049 2478 1185 2546 falsario
1213 2478 1375 2560 scriptam

201 2605 280 2653 esse.
326 2587 396 2670 Quo
412 2586 545 2654 oonsilio
562 2594 671 2654 autem
686 2588 876 2654 Alexander
892 2607 969 2653 usus
985 2589 1057 2654 alas
1071 2589 1213 2654 hostium
1236 2589 1376 2653 adortus

201 2693 252 2775 sit,
277 2696 361 2774 quod
377 2693 552 2759 Kaeratius
568 2694 603 2759 in
619 2694 760 2775 epistula
776 2693 957 2759 desiderari
974 2693 1061 2773 didit,
1090 2694 1218 2776 copiose
1236 2696 1376 2776 exponit

200 2800 378 2882 Arrianus,
410 2801 468 2865 aed
499 2802 599 2867 etiam
631 2819 672 2866 ex
699 2801 857 2882 epistulae
879 2800 990 2868 verbis
1014 2807 1163 2883 apparet.
1208 2799 1375 2868 Arrianus

201 2905 285 2972 enim
303 2906 349 2988 V,
376 2905 449 2988 163
475 2905 554 2972 didit
577 2910 614 2978 ὡς
636 2908 667 2967 dt
690 2905 740 2984 τήν
763 2904 843 2979 τάξιν
866 2912 979 2968 κατεῖδε
994 2917 1049 2968 τῶν
1066 2909 1166 2992 Ἰνδῶν,
1191 2905 1266 2969 κατά
1281 2913 1376 2985 μέσον

202 3014 253 3090 μὲν
276 3010 323 3073 ἵνα
346 3018 375 3074 οἵ
396 3014 549 3092 ἐλέφαντες
571 3015 779 3093 προεβέβληντο
803 3016 852 3074 καὶ
875 3012 967 3091 πυκνή
989 3017 1006 3092 ἡ
1030 3012 1146 3095 φάλαγξ
1167 3010 1243 3075 κατά
1258 3011 1296 3075 τά
1310 3019 1375 3075 δια-

202 3121 336 3180 λείποντα
360 3118 450 3180 αὒτῶν
473 3123 660 3203 ἐπετέτακτο,
694 3119 747 3179 οὐκ
770 3121 840 3198 ε’γτοο
862 3117 1009 3200 προάγειν,
1033 3118 1110 3182 αὐτά
1132 3125 1226 3182 ἐκεῖνα
1249 3120 1376 3198 ὀκνήσας

202 3248 277 3314 ιηπερ
301 3224 316 3285 ὁ
340 3229 443 3302 Πῶρος
471 3235 511 3302 τῷ
537 3227 663 3305 λογισμῷ
688 3223 802 3297 ξυνθεὶς
831 3222 921 3304 ταύτῃ
952 3225 1064 3299 ἔταξεν·
1099 3225 1173 3289 άλλά
1196 3224 1282 3298 οὗτὸς
1310 3203 1374 3304 μέν,

202 3329 253 3393 iias
277 3337 473 3412 ἱπποκρατῶν,
504 3330 554 3410 τήν
577 3328 684 3409 πολλὴν
714 3341 765 3410 τῆς
794 3329 884 3394 ἵππου
912 3331 1064 3414 άναλαβάν
1095 3337 1141 3395 ἐπὶ
1168 3332 1202 3396 τὸ
1234 3331 1376 3412 εὐώνυμον

202 3445 289 3517 κέρας
310 3448 364 3500 τῶν
387 3439 530 3515 πολεμίων
552 3435 743 3519 παρήλαυνεν,
767 3442 804 3508 ὡς
825 3439 915 3518 ταύτῃ
942 3439 1162 3518 ἐπιθησόμενος.
1208 3445 1317 3503 Κοῖνον
1338 3441 1375 3502 δὲ

202 3551 307 3622 πέμπει
330 3548 366 3614 ὡς
389 3548 436 3604 επὶ
454 3542 492 3612 ad
515 3543 613 3618 δεξιόν,
638 3547 697 3614 κτλ.
719 3544 754 3609 in
778 3547 920 3628 epistula
937 3546 1018 3612 haee
1035 3547 1203 3630 leguntur:
1228 3549 1376 3627 φοβηθεὶς

202 3654 232 3715 δὲ
256 3648 293 3712 τά
318 3653 409 3732 θηρία
433 3654 481 3711 καὶ
504 3649 537 3712 τὸ
559 3654 675 3728 πλῆθος
697 3661 752 3714 τῶν
774 3654 919 3730 πολεμίων
947 3650 1034 3724 αὐτὸς
1060 3654 1111 3730 μὲν
1139 3658 1267 3716 ἐνσεῖσαι
1295 3651 1375 3716 κατά

201 3757 328 3838 θάτερον
351 3761 446 3834 κέρας,
469 3762 578 3819 Κοῖνον
600 3761 631 3820 δὲ
654 3769 695 3836 τῷ
715 3759 799 3836 δεξιῷ
819 3762 997 3840 προσβαλεῖν
1026 3763 1172 3845 κελεῦσαι,
1204 3761 1291 3841 quod
1314 3779 1375 3826 cur

201 3864 392 3931 Alexander
416 3862 532 3930 iecerit
555 3884 683 3947 quaque
705 3865 835 3932 ratione
864 3865 1063 3948 pugnaverit
1092 3866 1306 3952 intelligimus
1330 3884 1375 3932 ex

202 3969 312 4040 verbis
345 3975 505 4050 Γενομένης
539 3973 569 4034 δὲ
604 3982 713 4054 τροπῆς
745 3977 930 4052 ἑκατέρωθεν
963 3973 1122 4056 άναγωρεῖν
1155 3974 1199 4035 dat
1232 3978 1305 4056 πρὸς
1334 3971 1374 4036 τά

202 4081 294 4158 θηρία
317 4081 366 4138 καὶ
390 4080 589 4140 συνειλεῖσθαι
611 4077 677 4148 τοὺς
705 4076 931 4159 ἐκβιαζομένους.
978 4080 1088 4146 Verba
1122 4099 1250 4161 quoque
1281 4083 1373 4162 φοβη-

203 4184 269 4254 θεὶς
302 4182 339 4246 τὰ
372 4187 481 4262 θηρία,
516 4203 600 4291 puae
634 4183 808 4251 Kaerstius
842 4185 1085 4266 reprehendere
1118 4187 1268 4267 videtur,
1304 4204 1372 4253 non
