3008 4614
803 61 973 188 se⁴

242 320 327 384 hanc
361 317 532 400 epistulam
570 318 680 384 fictam
720 335 792 384 esse
830 335 935 399 neque
973 335 1069 399 pesse
1107 335 1147 382 ea
1185 315 1405 384 demonstrari

242 425 463 492 Alexandrum
488 426 528 492 de
551 423 671 493 divinis
693 423 870 491 honoribus
900 423 964 491 sibi
986 424 1169 491 t1ihuend1s
1192 424 1236 491 ad
1259 423 1406 491 Graecos

241 532 410 615 scripsisse
433 551 532 615 supra
540 529 565 619 1)
589 531 665 597 dixi.

329 655 424 723 Nunc
447 654 604 737 expositis
628 655 784 721 hactenns
808 653 1022 736 epistularum
1041 653 1222 721 Alexandri
1244 653 1405 737 reliquiis,

241 779 322 843 quas
344 762 543 829 Plutarchus
574 761 801 844 conservavit,
834 779 939 842 pauca
969 761 1073 830 dicam
1104 762 1144 827 de
1167 760 1339 828 Plutarchi
1372 761 1406 828 in

240 868 312 938 vita
334 869 517 936 Alexandri
538 869 635 953 locis,
668 887 747 949 quos
776 888 816 934 ex
844 866 991 950 epistulis
1015 868 1220 950 depromptos
1244 886 1315 935 esse
1339 868 1407 937 viri

242 976 327 1043 docti
351 982 549 1042 statuerunt.

329 1110 527 1177 Plutarchus
550 1109 607 1178 vit.
629 1110 726 1176 Alex.
750 1107 900 1176 XXXVI
929 1108 1013 1174 haec
1041 1106 1137 1174 dicit:
1163 1107 1351 1191 Ἀλέξανδρος
1375 1112 1407 1171 δὲ

241 1214 363 1278 Σούσων
397 1215 547 1298 κυριεύσας
569 1218 732 1298 παρέλαβεν
767 1221 796 1277 ἐν
823 1228 883 1287 τοῖς
915 1216 1073 1298 βασιλείοις
1102 1213 1325 1297 τετρακισμύρια
1358 1214 1407 1278 τοί-

240 1325 330 1384 λαντα
353 1326 544 1400 νομίσματος,
574 1321 624 1403 τὴν
646 1323 677 1384 dl
708 1319 794 1401 ἄλλην
824 1320 1016 1410 κατασκευὴνι
1033 1325 1082 1384 καὶ
1112 1325 1295 1406 πολυτέλειαν
1325 1323 1407 1402 cidini-

240 1451 331 1511 γητον.
365 1424 458 1491 Ὀπου
474 1432 548 1508 φασὶ
564 1433 611 1490 καλ
627 1428 780 1510 πορφύρας
792 1433 975 1510 Ἑρμιονικῆς
990 1433 1144 1509 εὑρεθῆναι
1159 1431 1287 1491 τάλαντα
1302 1453 1407 1492 πεντα-

241 1537 372 1619 κισχίλια,
397 1542 578 1616 συγκειμένης
598 1538 649 1616 μὲν
673 1536 703 1610 ἐξ
726 1543 793 1599 ἐτῶν
815 1542 885 1599 δέκα
908 1536 1028 1599 δεόντων
1043 1541 1207 1616 διακοσίων,
1231 1537 1407 1618 πρόσφατον

240 1645 270 1704 dl
293 1639 326 1705 τύ
349 1637 442 1714 ἄνθος
466 1640 507 1704 ἔτι
530 1650 578 1705 καὶ
605 1642 707 1724 νεαρὸν
737 1641 944 1723 φυλαττούσης.
990 1643 1095 1706 Αἴτιον
1122 1645 1152 1704 dl
1182 1641 1283 1705 τούτου
1312 1647 1407 1723 φασὶν

240 1747 311 1811 είναι
333 1747 367 1811 τὸ
393 1747 444 1830 τῆν
473 1749 571 1832 βαφὴν
600 1748 648 1812 διὰ
676 1749 790 1830 μελιτος
812 1754 946 1833 γίνεσθαι
975 1753 1208 1834 τῶνόἱλουργῶν,
1239 1750 1274 1811 δι’
1307 1753 1407 1812 ἐλαίου

240 1858 270 1918 δὲ
303 1859 405 1919 λευκοῦ
433 1868 489 1920 τῶν
516 1860 634 1920 λευκῶν·
667 1861 716 1919 καλ
746 1855 801 1940 γὰρ
834 1856 942 1920 τούτων
974 1856 1023 1920 τὸν
1057 1856 1120 1919 ἴσον
1152 1853 1253 1940 χρόνον
1284 1856 1407 1940 ἐχόντων

239 1961 289 2043 τὴν
311 1961 501 2044 λαμπρότητα
523 1962 661 2044 καθαρὰν
684 1968 732 2027 καὶ
763 1967 938 2047 στίλβουσαν
967 1968 1109 2045 ὁρᾶσθαι.
1154 1961 1406 2052 Schaeferu8,2)

240 2071 295 2150 qui
330 2067 403 2133 ὅπου
442 2075 515 2150 φησὶ
547 2091 605 2152 pre
641 2068 714 2134 ὅπου
748 2075 821 2150 φασὶ
855 2071 954 2156 legit,
990 2073 1107 2141 verba:
1151 2067 1225 2133 ὅπου
1254 2074 1330 2149 φασὶ
1360 2109 1406 2118 -

240 2179 373 2258 ὁρᾶσθαι
414 2195 455 2242 ex
489 2177 672 2244 Alexandri
704 2176 844 2259 epistula
878 2179 1069 2261 deprompta
1116 2196 1188 2244 esse
1230 2176 1405 2244 existimat.
1500 2231 1501 2234 ,

236 2281 300 2348 Sed
353 2300 425 2348 cum
473 2283 687 2367 Plutarchus,
739 2282 1003 2365 quotiescumque
1057 2283 1215 2367 epistulas
1265 2283 1403 2368 profert,

234 2388 418 2459 veliacum
442 2391 596 2451 ἐπιστολῖον
620 2391 717 2474 dicat,
740 2391 794 2458 vel
818 2392 1130 2474 descipiciendam,
1153 2391 1208 2457 vel
1229 2395 1404 2453 ἐπιστέλλων

235 2535 278 2546 -
295 2534 337 2544 -
361 2495 478 2576 εἴρηκεν,
501 2496 556 2564 vel
579 2501 608 2556 ἐν
628 2499 762 2576 ἐπιστολῇ
778 2500 935 2569 ἐκέλευσεν,
959 2496 1014 2563 vel
1029 2495 1139 2579 ἔγραψε
1154 2535 1199 2544 ——
1217 2535 1254 2544 -
1273 2498 1402 2571 κελεύων,

234 2603 288 2672 vel
300 2599 435 2686 ἔγραψεν,
446 2603 500 2670 vel
512 2601 629 2684 γράφων
639 2639 684 2647 -
694 2606 841 2686 -φησίν,
851 2603 905 2670 vel
917 2603 952 2664 δι’
967 2604 1126 2682 ἐπιστολῆς,
1140 2599 1172 2682 ἣν
1185 2601 1295 2684 ἔγραψε
1308 2641 1347 2650 -—
1358 2641 1396 2650 —

236 2715 316 2792 φησι,
341 2712 458 2791 quibus
474 2709 638 2792 significat
660 2727 695 2776 se
719 2728 761 2775 ex
783 2709 931 2792 epistulis
954 2709 1109 2793 hausisse,
1135 2717 1224 2776 certe
1246 2710 1308 2776 hoc
1330 2711 1401 2777 loco

234 2817 354 2882 nudum
379 2819 449 2895 φησὶ
472 2835 537 2882 non
561 2816 715 2899 dixisset,
750 2819 777 2881 si
802 2817 885 2883 haec
908 2836 948 2884 ex
972 2815 1112 2901 epistula
1135 2817 1399 2900 deprompsisset.

235 2922 344 3005 Quare
378 2922 418 2988 iis
453 2923 633 3006 assentior,
670 2923 723 3004 qui
757 2924 819 2989 hoc
849 2925 917 2990 loco
950 2928 1024 3003 paci
1055 2923 1217 3007 scribunt,
1254 2931 1288 2990 et
1319 2925 1400 2989 haec

235 3030 338 3094 verba
369 3048 433 3095 nou
466 3047 507 3094 ex
537 3030 676 3113 epistula
708 3035 837 3112 sumpta
869 3048 956 3110 esse,
994 3031 1052 3096 sed
1081 3032 1206 3098 auctori
1230 3028 1400 3096 Plutarchi

237 3135 348 3202 deberi
370 3144 457 3219 puto.

323 3269 396 3335 Alio
419 3269 490 3335 loco
514 3271 709 3338 Plutarchus
732 3269 804 3354 (vit.
827 3271 922 3337 Alex.
940 3268 1122 3355 XXXVII)
1146 3267 1240 3335 dicit:
1263 3274 1399 3348 νομισμα-
1497 3293 1498 3320 1

234 3397 283 3446 τος
312 3376 343 3437 el
376 3380 467 3456 εὑρεῖν
497 3379 612 3456 πλῆθος
634 3375 703 3440 ὅσον
732 3384 761 3438 ἐν
783 3377 921 3452 Σούσοις,
955 3374 1005 3456 τὴν
1037 3378 1068 3438 el
1104 3372 1191 3456 ἄλλην
1220 3375 1400 3456 κατασκευὴν

235 3486 283 3545 καὶ
316 3481 365 3544 τὸν
398 3485 521 3545 πλοῦτον
555 3485 763 3564 ἐκκομισθῆναί
803 3507 877 3564 φασι
910 3484 1022 3565 μυρίοις
1060 3484 1167 3566 ὀρικοῖς
1205 3481 1314 3565 ζεύγεσι
1353 3487 1399 3546 καλ
1496 3567 1497 3574 ρ

235 3591 478 3671 πεντακισχιλίαις
494 3587 639 3670 καμήλοις.
680 3588 817 3676 Vogel³)
840 3591 921 3658 dicii
937 3590 1079 3658 fortalse
1095 3590 1303 3657 scribendum
1329 3608 1399 3657 esse
1496 3591 1497 3628 ³

236 3699 307 3775 φησὶ
331 3700 365 3762 et
386 3699 469 3763 haec
491 3697 596 3765 verba
619 3715 658 3763 ex
682 3695 822 3779 epistula
840 3697 1034 3780 deprompta
1049 3716 1131 3766 esse.
1166 3699 1233 3766 Sed
1247 3697 1398 3765 Pridicus

324 3999 334 4028 1

326 4001 346 4157 ’λ
363 3998 517 4140 &lazicam
535 4085 625 4140 Jahrb.
643 4085 732 4154 Jahrg.
750 4085 825 4141 XVI.
844 4085 892 4140 Bd.
909 4087 967 4155 101,
989 4085 1058 4143 1870
1076 4103 1100 4156 p.
1119 4088 1179 4140 444.

326 4173 349 4243 ⁸)

368 4174 468 4228 Ibidem
488 4192 512 4244 p.
532 4173 567 4231 10
584 4189 622 4244 aq.
