3016 4612
667 119 687 184 9

89 312 232 380 tradunt
250 332 321 383 cum
342 312 401 380 alii
420 313 621 400 scriptores)
644 319 713 404 tum
729 311 923 400 Arrianus2)
948 312 1182 397 duratusque),
1208 314 1263 394 qui

90 419 206 500 plnres
245 427 281 485 et
313 419 478 502 longiores
517 421 681 488 orationes
720 420 790 502 eJ'us
823 418 1001 486 memoriae
1039 417 1263 500 prodiderunt.

91 523 186 607 Quas
209 544 275 592 non
298 523 399 606 ipsius
423 525 607 596 Alexandri
635 527 746 593 verbis
781 528 947 608 expositas
971 543 1053 606 esse,
1086 527 1168 608 quod
1192 525 1263 592 deri

89 650 158 698 non
194 632 361 716 poterae),
385 632 456 714 ipse
491 631 623 700 eortius
658 634 839 715 profitetur,
876 632 932 714 qui
966 633 1034 718 (lib.
1072 631 1135 710 IX,
1158 631 1203 710 ΙΙ,
1229 629 1263 718 t)

92 756 290 818 quamquam
314 737 418 819 ipsum
443 738 668 806 Alexandrum
700 738 888 818 loquentem
912 737 1003 820 facit,
1032 751 1143 804 tamen
1166 737 1262 804 dicit:

88 846 147 910 ‘ad
176 845 261 910 luae
293 847 432 911 monime
459 845 588 914 modum
617 844 778 910 ademar
803 853 837 910 et
860 842 929 929 (lib.
953 845 1008 922 VI,
1032 844 1078 928 II,
1104 845 1135 928 6)
1156 846 1263 912 ‘talem

91 953 269 1015 mationem
291 948 421 1016 aomar.
467 952 538 1016 Has
562 949 728 1016 orati0nes
752 951 961 1031 quantumvis
985 949 1138 1017 oratoriis
1169 969 1263 1017 orna-

91 1054 213 1122 mentis
237 1061 371 1122 ornatas
394 1075 460 1121 non
483 1055 525 1120 ab
549 1054 628 1135 ipsis
652 1054 756 1134 fictas,
781 1057 839 1120 sed
863 1074 883 1121 a
910 1073 1019 1122 rerum
1049 1056 1264 1138 scriptoribus

91 1159 213 1242 prioris
237 1163 359 1227 aetatIs
386 1160 562 1228 memoriae
587 1160 735 1244 proditas
758 1179 830 1228 esse
860 1161 1057 1246 intelligitur
1089 1181 1130 1230 ex
1158 1161 1264 1228 Curtii

91 1267 163 1350 (lib.
187 1265 245 1346 VI,
270 1266 330 1344 xi,
355 1263 414 1352 42)
443 1267 573 1334 verbis:
607 1267 690 1334 ‘ch
719 1266 851 1334 Cratero
886 1271 1034 1334 cremato
1062 1275 1092 1334 et
1122 1289 1265 1337 samone

91 1375 199 1440 habito
223 1377 313 1458 crpus
335 1395 459 1440 maome
481 1396 545 1442 aon
568 1376 653 1441 edito
676 1375 740 1452 est’,
765 1392 848 1455 quae
872 1375 1098 1440 demonstrant
1115 1375 1263 1442 Curtium

92 1498 153 1546 eas
183 1485 312 1546 tantum
346 1478 512 1546 orationes
547 1479 746 1562 exposuisse,
783 1498 868 1567 quae
900 1482 1075 1547 memoriae
1110 1481 1262 1564 proditae

91 1593 198 1652 erant.
245 1586 338 1652 Idem
361 1585 431 1670 (lib.
455 1585 533 1668 VII,
558 1585 651 1670 vin,
676 1585 731 1672 33)
755 1587 795 1652 dc
819 1585 1009 1655 orationes
1038 1589 1262 1675 Scytharum)

89 1692 203 1774 legato
226 1691 341 1760 habits
364 1691 460 1758 dicit:
483 1693 574 1778 ‘Eril
597 1715 676 1775 quoe
708 1694 851 1776 loquutus
881 1714 945 1762 esse
967 1695 1180 1778 aperireque
1202 1718 1263 1762 mc-

90 1802 214 1864 mors'oe
235 1800 401 1879 podatum
433 1805 487 1876 est,
523 1799 690 1866 nomnen
719 1800 860 1882 forsitun
893 1801 1033 1866 mnibus
1055 1802 1200 1886 nostrai)
1234 1808 1263 1866 et

90 1912 237 1986 temporo
259 1910 287 1970 ct
309 1907 441 1990 tapecia
464 1907 597 1971 cudioru
612 1907 747 1984 sertatim
772 1906 828 1971 sed
849 1911 885 1972 ut
902 1910 1007 1989 possit
1030 1910 1132 1972 oratio
1155 1929 1262 1973 corum

90 2013 218 2092 speram
254 2015 359 2076 tamen
388 2012 470 2093 fides
502 2017 613 2078 nosue
643 2033 707 2076 aon
735 2012 837 2078 timet:
873 2033 954 2094 quac
987 2019 1153 2095 utrumque
1187 2019 1262 2079 sunt

91 2117 216 2182 traditu
242 2117 430 2198 incorrupta
451 2119 662 2200 perferemus.
709 2117 789 2183 Cum
811 2117 913 2199 igitur
946 2137 1055 2186 rerum
1083 2117 1262 2203 scriptores

92 2223 214 2305 prioris
242 2221 362 2288 aetatis
397 2221 497 2288 etiam
527 2222 692 2288 orationes
716 2240 945 2304 sermonesque
978 2224 1154 2292 memoriae
1188 2244 1261 2309 pro-

93 2327 255 2409 diderint,
280 2345 384 2408 eaque
408 2326 540 2394 CurtIus
563 2328 684 2408 aliique
707 2329 885 2419 scriptores
909 2330 981 2398 sive
1008 2338 1163 2416 corrupta
1190 2332 1260 2400 sive

91 2433 283 2516 incorrupta
307 2434 400 2501 nobis
423 2436 647 2514 servaverint,
676 2455 741 2504 non
769 2438 866 2503 video
890 2456 948 2505 cur
971 2437 1145 2522 epistulas,
1178 2459 1261 2520 quae

93 2539 226 2606 saellius
261 2557 356 2619 quam
392 2540 558 2608 eradonas
593 2543 770 2608 memoriae
804 2543 896 2626 prodi
921 2549 1085 2628 poterant,
1121 2547 1161 2612 ab
1195 2546 1260 2611 illis

91 2663 203 2710 rerum
220 2644 435 2730 scriptoribus
451 2647 703 2730 praetermissas
720 2667 791 2714 esse
809 2649 1040 2728 existimemus,
1065 2650 1260 2734 praesertim

93 2770 166 2820 cum
193 2751 381 2820 testimonia
410 2759 543 2821 exstent
566 2755 771 2838 gravissima,
803 2756 920 2837 quibus
942 2757 1123 2825 Alexandri
1152 2739 1261 2824 rerum

93 2858 272 2943 scriptores
295 2863 451 2940 aequales
475 2861 631 2944 epistulas
655 2865 888 2932 memoravisse
913 2865 1163 2931 demonstratur.

184 2967 284 3032 Teste
309 2969 394 3032 enim
419 2966 560 3032 Arriano
586 2967 643 3046 ΙΙΙ,
669 2968 720 3049 26,
757 2966 778 3034 2
802 2987 848 3049 sq.
884 2970 1056 3052 epistulam
1080 2971 1260 3038 Alexandri

94 3070 230 3155 eregia
252 3073 519 3154 Zarangaeorum
547 3074 590 3140 ad
621 3074 717 3140 duces
741 3075 947 3155 Cleandrum,
979 3074 1135 3142 Sitalcem
1159 3075 1260 3142 Meni-

94 3179 233 3258 damque
248 3179 357 3244 datam
373 3180 579 3246 Ptolemaeus
596 3195 853 3248 memoraverat:
878 3183 1063 3260 Πτολεμαῖος
1078 3183 1109 3244 ct
1126 3182 1142 3244 ὁ
1157 3181 1261 3262 Λάγου

93 3281 166 3362 λέγει
195 3318 295 3330 -----
318 3284 364 3344 iuri
399 3288 596 3362 Παρμενίωνα
627 3287 656 3348 di
686 3288 826 3363 σταλῆναι
856 3286 1091 3370 Πολυδάμαντα,
1127 3287 1177 3350 ἕνα
1207 3301 1261 3351 τῶν

166 3457 188 3525 ¹)
206 3457 277 3514 Plut.
296 3457 342 3513 vlt.
358 3457 435 3512 Alex.
448 3458 583 3530 XXXIII3
602 3460 720 3527 nsvin
740 3461 843 3518 Diodor.
862 3462 951 3531 XVII,
972 3465 1050 3535 74‚3;
1069 3465 1259 3534 94,5;11ntin.

92 3543 155 3612 ΧΠ,
175 3545 233 3614 3,3;
254 3547 321 3612 ll‚1.

165 3633 265 3701 ΜΠ.
284 3632 317 3695 Π,
338 3633 362 3698 Ι;
382 3634 424 3700 17;
442 3634 492 3698 ΙΠ,
511 3634 554 3702 9,5
574 3650 632 3703 sqq.
650 3637 683 3704 V,
705 3637 738 3691 25
758 3653 806 3706 sq,
824 3638 886 3703 VII,
906 3640 923 3694 9
941 3655 981 3707 sq.

167 3720 189 3788 ⁸)
211 3720 282 3774 Curt.
300 3721 350 3789 ΙΠ,
370 3725 403 3788 X,
423 3721 457 3777 25
484 3722 531 3790 IV,
551 3726 601 3792 XI,
619 3723 669 3795 443
692 3725 725 3793 V,
748 3725 825 3793 XIII,
845 3727 892 3792 353
918 3727 965 3794 VI,
989 3727 1039 3794 IH,
1059 3731 1075 3784 7
1094 3743 1150 3797 sqq.
1169 3745 1191 3786 c.
1210 3729 1261 3797 IX,

93 3810 127 3861 32
146 3824 204 3877 sqq.
223 3808 273 3876 IX,
293 3809 328 3876 ll,
347 3809 364 3862 8
383 3824 440 3878 sqq.
459 3825 482 3864 c.
501 3811 548 3877 IV,
569 3813 610 3868 16.

162 3897 185 3964 ⁴)
204 3896 243 3951 Oi.
263 3897 380 3965 Thucyd.
398 3897 419 3966 I,
438 3899 481 3952 22.

164 3985 184 4053 ⁶)
203 3985 244 4038 De
262 3984 393 4053 legatione
412 3985 570 4053 Scytharum
589 3988 622 4040 ad
640 3988 820 4042 Alexandrum
839 3991 920 4043 minsa
938 3991 971 4044 cf.
991 3994 1049 4045 Arr.
1069 3991 1117 4044 IV.
1137 3991 1180 4051 15.

164 4073 186 4142 ⁶)
206 4073 263 4126 elii:
282 4073 325 4127 Sic
344 4089 420 4141 quae.

165 4162 183 4231 ⁷)
202 4161 258 4217 alii:
277 4160 395 4214 moribus
413 4164 603 4229 humanusque.
