3016 4612
816 114 861 182 20

253 328 339 391 raro,
375 309 403 375 si
442 328 522 390 quas
560 307 645 376 forte
680 309 894 389 invenerunt;
929 311 988 376 sed
1027 310 1160 377 fuerunt
1195 311 1250 392 qui
1288 329 1346 378 eas
1384 313 1426 377 de

253 415 416 484 industria
440 415 669 496 conquirerent
691 421 791 497 atque
814 417 1018 501 colligerent,
1047 418 1140 485 velut
1162 417 1301 484 Artemo
1314 418 1346 503 ¹),
1372 417 1427 498 qui

253 521 442 589 Aristotelia
467 521 624 604 epistulas
655 523 805 606 collegit,
838 523 1093 607 Dionysodorus,
1101 524 1129 610 2)
1160 525 1214 604 qni
1243 523 1428 591 Ptolemaei

253 627 339 710 Lagi
361 627 421 694 filii
445 627 603 708 epistulas
626 628 803 713 congessit,
830 628 896 696 alii.
945 629 999 695 lta
1021 629 1222 696 exstiterunt
1245 630 1346 696 multa
1369 629 1427 695 illa

255 732 469 815 epistularum
494 752 642 818 corpora,
667 754 751 816 quae
774 734 840 801 illis
868 735 1069 819 temporibus
1100 733 1426 814 circumferebantur.

254 838 332 904 Cum
379 849 498 918 autem,
545 845 583 906 ut
628 859 727 925 supra
773 840 887 926 dixi,⁸)
934 839 1057 908 luerint
1095 841 1151 922 qui
1189 859 1231 907 ex
1276 840 1428 926 epistulis

254 944 482 1029 componendis
507 950 542 1012 et
563 966 622 1029 pro
644 945 745 1012 veris.
758 947 943 1014 vendendis
965 947 1092 1014 lucrum
1115 946 1274 1030 facerent,
1303 948 1428 1014 multae

253 1053 324 1118 sine
359 1052 457 1118 dubio
486 1050 680 1119 subdititiae
710 1051 1027 1120 circumferebantur
1058 1054 1246 1134 multaeque
1279 1051 1426 1136 deceptis

253 1157 303 1240 iis,
340 1152 394 1239 qui
429 1157 586 1241 epistulas
624 1157 830 1242 religerent
864 1158 898 1226 in
933 1160 1014 1225 haec
1042 1177 1182 1243 corpora
1212 1158 1426 1242 irrepserunt.

253 1263 349 1330 Talia
366 1262 580 1348 epistularum
597 1283 744 1348 corpora,
770 1264 887 1345 quihus
907 1270 966 1332 aut
989 1281 1089 1332 verae
1103 1270 1232 1333 tantum
1255 1272 1312 1332 aut
1328 1282 1428 1332 verae

253 1377 286 1436 et
308 1369 461 1436 subditae
485 1375 543 1435 aut
565 1369 716 1437 subditae
739 1377 865 1436 tantum
891 1370 1049 1455 epistulae
1074 1371 1336 1452 continebantur,
1362 1389 1427 1437 non

252 1495 329 1542 raro
365 1481 548 1542 memorant
582 1476 777 1560 scriptores;
816 1477 910 1544 velut
943 1476 1143 1544 Plutarchus
1152 1477 1178 1562 ⁴)
1213 1478 1254 1543 de
1290 1476 1428 1560 Epicuri

252 1580 411 1665 epistulis:
453 1579 571 1662 ἔναγχος
593 1579 648 1664 χολρ
682 1581 759 1643 κατὰ
786 1581 870 1663 τύχην
898 1580 952 1654 τοὶς
983 1581 1141 1653 ἐπιστολὰς
1174 1585 1294 1662 διῆλθον
1329 1582 1427 1660 αι’ποῦ,

251 1689 441 1755 Athenaeus
465 1687 536 1771 (IV,
564 1688 592 1770 l,
621 1688 726 1771 128⁸)
747 1689 787 1754 de
812 1687 1009 1771 Hippolochi
1031 1688 1221 1756 Macedonis
1245 1697 1279 1754 et
1302 1687 1429 1771 Lyncei

253 1794 421 1877 epistulis:
453 1798 596 1873 ἑκατέροιν
619 1790 668 1855 οὖν
691 1792 829 1872 σῴζονται
852 1793 1033 1872 detumescat
1052 1817 1125 1866 τινες
1148 1797 1296 1856 ἐπιστολαὶ
1315 1843 1426 1860 .....

252 1903 302 1961 καὶ
343 1897 446 1971 ἄλλοις
479 1902 510 1962 di
553 1898 756 1982 περιετύχομεν
792 1911 845 1962 νοῦ
886 1904 1024 1982 Λυγκέως
1062 1902 1230 1969 ἐπιστολαῖς
1267 1898 1341 1979 πρὸς
1378 1899 1429 1962 τὸν

252 2004 338 2068 αὐτὸν
355 2011 564 2087 γεγραμμέναις
582 2004 813 2088 Ἱππόλοχον...
829 2059 836 2071 .
854 2006 982 2082 δώσομεν
997 2010 1031 2068 δέ
1045 2029 1093 2068 σοι
1103 2010 1182 2084 ἡμεῖς
1198 2010 1247 2068 καὶ
1263 2004 1357 2077 αὐτὰς
1376 2004 1430 2077 τὰς

252 2112 414 2182 ἐπιστολάς.
462 2111 583 2178 Suidas
608 2111 874 2200 (ν.Ὰνι1παιρος)
898 2111 1056 2195 epistulas
1074 2112 1244 2198 Antipatri
1258 2120 1428 2179 memorat.

250 2219 342 2284 Idem
367 2223 410 2303 (v.
430 2217 575 2295 Φάλαρις)
592 2217 688 2283 dicit:
715 2216 849 2300 Φάλαρις
873 2268 1012 2285 .....
1038 2216 1165 2299 ἔγραψεν
1181 2216 1336 2289 ἐπιστολὰς
1352 2217 1430 2279 πάνυ

252 2328 432 2398 θαυμασίαν.
479 2323 649 2411 Phociuss)
677 2333 836 2390 memorat
859 2324 1019 2409 epistulas
1042 2323 1242 2406 Phalaridis,
1266 2324 1425 2406 Platonis,

251 2431 452 2510 Aristotelis,
484 2430 725 2513 Demosthenis,
769 2430 875 2515 Bruti,
914 2430 1057 2514 libanii,
1091 2429 1217 2512 Basilii,
1260 2430 1425 2511 Gregorii,

250 2536 379 2603 Isidori.
436 2535 563 2620 Idemss)
609 2536 690 2602 dicit
728 2536 915 2620 Phrynicho
946 2535 1069 2602 Arabio
1100 2542 1187 2602 teste
1222 2535 1426 2602 Marcianum

251 2643 442 2727 scriptorem
484 2641 643 2726 epistulas
678 2643 773 2709 Bruti
809 2645 974 2727 probrose.
1011 2643 1135 2708 Eodem
1174 2643 1243 2708 loco
1286 2641 1426 2708 Photius

250 2755 409 2820 memorat
436 2748 594 2815 Isocratis
626 2749 794 2832 epistulas.
827 2750 950 2833 Corpus
988 2748 1199 2832 epistularum
1236 2747 1427 2814 Aristotelis

250 2857 393 2922 habebat
410 2855 590 2936 Gregorius
606 2855 881 2939 Nazianzenusi).
926 2854 1144 2921 Romanorum
1162 2873 1287 2936 quoque
1304 2855 1426 2937 epistu-

250 2962 356 3028 larum
380 2979 520 3044 corpora
535 2962 713 3039 ,exstitisse
737 2967 839 3045 patet.
887 2959 1054 3044 Capitonis
1082 2959 1238 3044 epistulas
1270 2958 1426 3025 collectas

342 3156 361 3223 ¹)
381 3156 419 3213 st.
446 3156 564 3212 Demetr.
597 3156 637 3209 De
671 3154 765 3213 elocut.
791 3155 858 3222 2233
889 3154 983 3222 David,
1009 3153 1090 3207 schol.
1115 3153 1143 3206 in
1169 3153 1276 3210 Aristot.
1303 3153 1425 3220 Brandis,

250 3243 308 3310 24³,
328 3244 375 3310 273
396 3244 424 3299 C.
437 3243 543 3311 Miller,
563 3244 666 3312 Pragm.
682 3243 743 3296 hist.
756 3243 848 3298 Graec.
862 3242 901 3295 IV
914 3259 939 3312 p.
960 3243 1025 3308 3403
1040 3240 1152 3308 Schoell,
1164 3240 1258 3294 Gesch.
1278 3241 1302 3292 d.
1323 3240 1424 3294 Griech.

250 3333 311 3386 Litt.
331 3333 468 3386 iibersetzt
486 3350 539 3386 von
557 3332 663 3386 Pinder.
684 3332 718 3385 ll.
738 3350 763 3400 p.
788 3329 852 3399 1853
871 3329 949 3386 Stain·
968 3329 1028 3383 ibid.
1055 3330 1077 3398 1,
1103 3347 1127 3398 p.
1153 3329 1205 3385 2οἵ)
1228 3344 1267 3397 sq.
1287 3327 1426 3394 Susamihl,

251 3422 345 3475 Gesoh.
375 3422 399 3474 d.
420 3421 524 3477 Griech.
543 3422 606 3474 Litt.
626 3422 640 3474 Ι
658 3438 684 3490 p.
703 3423 754 3477 511
775 3424 802 3474 et
821 3420 882 3474 ibid.
902 3423 989 3472 annot.

337 3528 357 3595 ’χ
376 3528 482 3582 Luciam.
502 3544 549 3596 pro
568 3528 635 3596 laps
654 3527 681 3579 in
700 3526 776 3579 salut.
799 3525 815 3595 ξ
836 3525 877 3592 10,
897 3526 958 3582 734.

343 3616 363 3686 ⁸)
383 3633 408 3685 u·
428 3619 452 3673 1·

340 3707 363 3774 ⁴)
384 3705 541 3773 Disputatio,
566 3721 618 3773 qua
641 3706 750 3758 docetur
774 3719 810 3756 ne
828 3702 946 3756 suaviter
970 3701 1078 3769 quidem
1102 3700 1155 3754 vivi
1181 3714 1257 3768 posse
1281 3699 1425 3752 secundum

250 3795 356 3863 Epicuri
376 3796 484 3847 decreta
504 3793 606 3849 11013.

341 3883 361 3952 ⁵)
381 3882 503 3951 Epistula
521 3883 554 3938 ad
573 3880 786 3950 Amphilochium
807 3881 895 3948 Cyzici
914 3877 1051 3946 Metropol.
1073 3877 1148 3945 epist.
1166 3876 1257 3930 XLIV
1276 3876 1316 3929 ed.
1330 3875 1425 3942 Migne,

251 3973 328 4040 epist.
348 3971 444 4026 CCVII
465 3972 660 4025 echiontoonr.

340 4063 361 4132 θ)
380 4061 505 4119 Biblioth.
524 4062 579 4114 cod.
600 4061 718 4127 CLVIII,
737 4059 789 4117 vol.
808 4059 857 4126 Ill,
876 4076 901 4127 p.
920 4057 974 4113 429
993 4058 1033 4110 ed.
1053 4056 1152 4125 Migne.

342 4153 360 4221 ⁷)
379 4154 422 4206 Ad
433 4150 619 4220 Olympianum
632 4149 742 4217 epistula
754 4147 919 4204 ccxxxiv
928 4147 969 4200 ed.
979 4146 1080 4213 lligne,
1100 4144 1177 4213 epist.
1192 4143 1289 4198 CLXV
1302 4142 1335 4195 ed
1343 4141 1424 4194 Brun.
