3008 4614
336 946 600 1066 olympiadis
632 946 845 1064 epistulae
877 947 933 1043 ad
965 947 1116 1044 uarios
1149 947 1288 1043 dulae.

320 1159 553 1243 Olympiadem,
578 1176 674 1238 qnam
698 1163 828 1224 constat
850 1157 999 1240 reginam
1023 1156 1273 1224 curiosissimam
1298 1159 1404 1240 impe.

231 1265 390 1347 nandique
419 1263 662 1348 cupidissimam
692 1262 810 1345 inisse,
834 1263 934 1331 facile
957 1263 1019 1330 tibi
1041 1263 1253 1346 persuadebis
1277 1264 1402 1330 multas

232 1371 363 1439 dedisse
386 1378 419 1438 et
441 1371 609 1454 accepisse
632 1363 799 1454 epistulas,
824 1372 1017 1453 praesertim
1042 1389 1115 1437 cum
1137 1369 1203 1437 filio
1220 1371 1402 1437 clarissimo

231 1479 348 1544 orbata
369 1495 508 1560 regnum
531 1477 593 1545 sibi
616 1496 812 1558 conservare
836 1475 1010 1560 nepotique
1031 1483 1139 1545 tutum
1162 1478 1296 1544 tradere
1322 1476 1403 1544 nite·

231 1595 323 1652 retur
357 1589 391 1650 et
424 1585 647 1651 contenderet.
701 1583 770 1651 Sed
804 1584 905 1650 etiam
935 1592 1013 1651 ante
1040 1581 1225 1650 Alexandri
1258 1590 1400 1649 mortem
1486 1619 1487 1674 ι

231 1697 337 1758 mater
358 1689 419 1758 filii
433 1689 657 1758 amantissime
673 1691 792 1756 multas
809 1689 879 1757 sine
896 1689 994 1756 dubio
1011 1689 1102 1755 dedit
1118 1692 1161 1757 ad
1176 1689 1402 1757 Alexandrum

232 1798 405 1881 epistulas,
437 1797 553 1879 quibus
584 1805 618 1862 et
641 1814 715 1862 eum
738 1803 895 1878 moneret,
918 1801 956 1861 ut
979 1797 1021 1862 ab
1044 1795 1247 1888 inimicorum
1269 1794 1400 1862 insidiis

233 1911 383 1988 caveret,
426 1909 459 1971 et
495 1919 550 1970 eos
583 1904 751 1970 incusaret
788 1921 866 1985 quos
896 1908 954 1969 aut
983 1902 1207 1970 Alexandrum
1242 1901 1401 1968 aemulari

233 2018 292 2078 aut
314 2010 378 2094 ipsi
401 2029 454 2078 res
469 2010 684 2077 Macedoniae
709 2009 939 2078 administrare
956 2009 1102 2093 cupienti
1125 2009 1279 2078 resistere
1296 2008 1401 2091 suspi-

1486 3177 1487 3212 l

1486 3383 1487 3424 l

233 2120 386 2201 cabatur,
415 2136 498 2198 quae
527 2116 590 2183 fuit
619 2136 719 2184 causa
747 2117 921 2184 multarum
950 2117 1095 2201 illarum,
1128 2136 1212 2198 quas
1243 2117 1284 2184 de
1308 2115 1400 2183 Anti-

231 2230 326 2307 patro
350 2223 480 2307 scripsit
502 2224 725 2306 epistularum.
760 2224 822 2291 Sed
841 2243 911 2292 cum
927 2224 1120 2292 Alexander
1135 2225 1222 2291 tales
1242 2221 1401 2305 epistulas

231 2329 354 2397 nemini
374 2330 533 2412 legendas
555 2332 704 2399 traderet
725 2332 790 2398 nisi
812 2330 1066 2414 Hephaestioni,
1090 2348 1199 2398 rerum
1222 2329 1399 2413 scriptores

235 2457 275 2505 ea
309 2443 436 2504 tantum
473 2436 513 2502 de
547 2435 677 2503 illarum
713 2436 915 2519 argumentis
953 2435 1176 2521 tradiderant,
1217 2452 1299 2517 quae
1339 2430 1404 2516 ipsi

232 2545 460 2632 conjiciebant.
517 2542 687 2627 Epistulas
718 2549 836 2627 autem,
869 2562 948 2625 quas
972 2544 1160 2611 Alexander
1183 2542 1310 2608 sodales
1336 2558 1401 2606 non

233 2650 363 2728 celavit,
388 2655 421 2717 et
444 2666 510 2734 cas,
536 2669 616 2732 quas
640 2648 808 2735 Olympias
830 2655 905 2731 post
928 2649 1109 2716 Alexandri
1130 2653 1266 2715 mortem
1297 2646 1398 2724 dedit,

233 2763 386 2841 poterent
409 2756 478 2824 sine
502 2757 595 2823 dubio
619 2775 728 2823 rerum
751 2756 928 2838 scriptores
952 2754 1096 2838 ejusdem
1117 2752 1249 2837 aetatis,
1273 2755 1308 2819 in
1336 2753 1400 2837 pri·
1486 2757 1487 2794 l

230 2862 292 2929 mis
322 2860 541 2945 Hieronymus
564 2861 745 2928 Cardianus
756 2860 791 2947 ¹),
822 2860 857 2926 in
889 2878 984 2927 usum
1006 2879 1101 2928 suum
1123 2864 1254 2928 vertere
1279 2865 1312 2926 et
1335 2877 1399 2925 me·

232 2969 354 3035 moriac
377 2969 526 3050 prodere.
573 2967 664 3051 Quas
687 2964 873 3050 priusquam
898 2962 1043 3048 afferam,
1067 2967 1217 3034 breviter
1239 2983 1399 3048 exponam

231 3075 308 3158 qnid
331 3078 463 3142 veteres
486 3072 662 3156 scriptores
677 3071 876 3139 tradiderint
900 3072 941 3138 de
965 3070 1127 3155 epistulis,
1151 3091 1232 3153 quae
1248 3073 1291 3138 ad
1304 3072 1397 3138 Anti·

230 3188 359 3266 patrum
383 3186 544 3262 spectant.
964 3179 966 3182 ’
1486 3167 1487 3172 ’

319 3285 424 3353 Fama
440 3277 513 3354 erat
527 3287 751 3354 Alexandrum
775 3286 890 3352 matris
914 3283 1065 3367 epistulis
1082 3292 1274 3353 commotum
1296 3291 1397 3352 statu-

230 3395 295 3462 isse
328 3392 537 3476 Antipatrum
567 3411 754 3476 arcessere,
786 3393 825 3459 de
859 3409 923 3472 qna
954 3409 990 3457 re
1021 3393 1184 3459 Arrianus
1213 3392 1289 3472 VII,
1324 3390 1397 3474 12,5

231 3520 300 3585 sqq.
324 3502 406 3568 haec
428 3498 548 3566 tradit:

389 3641 487 3724 Λόγος
509 3645 542 3704 δέ
562 3662 606 3712 τις
628 3644 678 3702 καὶ
702 3636 785 3712 οὗτος
809 3645 911 3721 ἐφοίτα
936 3638 1050 3720 ἀφανὴς
1072 3639 1154 3722 παρὰ
1176 3653 1236 3711 τοῖς
1258 3635 1296 3701 τοὶ
1318 3643 1397 3722 βασι·

331 3747 336 3756 “
389 3746 455 3810 laud
482 3746 638 3829 πράγματα
660 3743 721 3825 ὅσῳ
744 3746 946 3829 ἐπικρύπτεται
970 3751 1078 3825 τοσῷδε
1104 3746 1319 3828 φιλοτιμότερον
1342 3745 1396 3824 οξτο
1486 3751 1487 3812 t

389 3860 543 3938 γοομέοοις,
567 3858 616 3916 καὶ
639 3852 672 3916 τὸ
695 3848 799 3917 secudu
820 3859 850 3924 ἐς
871 3850 905 3915 τὸ
928 3865 1022 3935 χοῖροι
1043 3855 1161 3937 μᾶλλον,
1186 3851 1204 3933 ἢ
1225 3848 1258 3916 τὸ
1279 3852 1354 3924 οἰκός
1368 3875 1396 3914 τε

1486 3959 1487 4008 l

322 4052 342 4121 ¹)
361 4051 401 4109 Ol.
420 4049 545 4105 Koehleri
570 4048 698 4117 judicium
715 4048 748 4102 de
767 4047 929 4115 Hieronymo
953 4050 982 4100 et
1004 4048 1037 4102 de
1059 4045 1124 4100 libro
1143 4047 1210 4115 ejus.
1246 4046 1395 4116 Situungsb.

232 4139 279 4192 der
296 4138 366 4195 Barl.
386 4141 465 4194 Aead.
487 4138 556 4197 1890
575 4154 600 4206 p.
619 4139 681 4194 558.
832 4143 841 4166 '
