3008 4614
562 117 565 124 '
662 119 726 188 105

586 213 797 224 —-.—

100 314 214 382 missis
238 334 355 398 parum
378 316 492 397 liquet.
537 316 590 382 Ex
613 315 722 384 verbis
746 323 855 383 autem
886 313 1190 396 ualentissimae
1212 320 1274 396 παρ’

9 441 10 446 ’
101 421 198 484 αὐτῶν
221 420 340 506 conjici
361 423 441 488 licet
469 421 669 504 Hyperidem
692 422 821 506 legatos
844 421 964 506 111111,
1000 440 1080 502 quos
1102 441 1169 488 non
1191 421 1273 489 alios

101 525 209 594 fuisse
233 528 357 612 opinor,
382 527 446 594 nisi
459 527 544 611 illos,
569 546 648 609 quos
671 529 860 595 Alexander
882 526 981 611 misit,
1004 533 1040 593 ut
1062 542 1207 595 oratores
1230 529 1272 592 ab

100 633 363 702 Atheniensibus
386 639 569 716 poscerant:
593 652 669 699 nam
684 653 799 716 parum
823 633 980 700 credibile
1004 639 1055 700 est
1069 631 1274 717 Hyperidem

101 739 230 807 dixisse
252 739 293 819 μὴ
306 739 344 802 τὰ
367 743 467 803 δίκαια
485 742 556 820 μηδὲ
579 738 615 802 τὰ
638 739 820 822 προσήκοντα
837 742 879 807 11
897 741 992 824 J‘ussu
1014 741 1194 808 Alexandri
1217 758 1272 806 na-

100 866 164 914 ves
187 850 229 915 ab
253 847 513 916 Atheniensibus
535 847 741 930 postulantia.
1077 837 1080 842 ’

195 955 378 1021 Alexandri
408 955 452 1021 11
474 953 695 1020 Athenienses
724 953 884 1036 epistulae
907 955 1029 1021 1111111
1052 957 1143 1020 laeta
1165 959 1216 1020 est
1238 952 1272 1020 in

99 1059 237 1126 scholiis
274 1059 308 1125 in
341 1059 515 1126 Aeschinis
549 1058 600 1124 ΠΙ
634 1056 710 1120 κατὰ
739 1063 948 1138 Κτησιφῶντος
982 1058 1047 1125 160
1076 1079 1107 1141 p.
1142 1057 1186 1126 93
1221 1062 1270 1128 sti

101 1164 256 1233 Dindorf.

264 1298 402 1378 11111ὴῆ
423 1296 511 1380 βουλὴ
533 1298 749 1360 deaurandam
764 1298 831 1378 παρ’
848 1299 948 1372 αὐτοῦ,
972 1297 1062 1362 ἔθυσε
1077 1308 1168 1383 θεοῖς,
1190 1300 1272 1383 χάριν

265 1407 445 1486 ὁμολογοῦσα
468 1405 540 1484 ὑπὲρ
562 1414 613 1466 τοῦ
629 1405 776 1466 Φιλίππου
798 1402 946 1468 θανάτου·
970 1405 1052 1468 ἕνεκα
1066 1405 1169 1469 τούτου
1183 1406 1271 1485 Ἀθη-

264 1515 354 1583 ναίοις
376 1509 494 1590 ὕστερον
516 1513 687 1572 1111111111
705 1509 892 1589 Ἀλέξανδρος
915 1509 1005 1584 οὕτως
1027 1511 1154 1594 ἔγραψεν
1177 1512 1271 1596 „idid-

264 1618 385 1699 ξαυδρος
407 1627 447 1696 τῷ
467 1619 519 1695 pir
541 1617 619 1696 δήμῳ
642 1620 759 1699 χαίρειν,
782 1626 816 1696 τῇ
839 1619 870 1679 di
892 1621 979 1700 βουλῇ
1002 1618 1091 1683 οὐδὲν.

104 1751 197 1835 Quae
219 1755 324 1821 uerba
347 1751 418 1817 sine
442 1752 539 1818 dubio
563 1751 729 1832 sophistae
754 1751 883 1819 auidam
907 1753 1073 1820 debentur.

193 1857 269 1925 Alia
297 1857 481 1925 Alexandri
514 1859 558 1924 11
588 1857 804 1924 Athenienses
839 1858 978 1940 epistula
1007 1865 1207 1926 memoratur
1235 1861 1269 1926 in

103 1965 334 2031 Demosthenis
357 1964 499 2047 epistula
520 1964 581 2048 ΠΙ,
606 1964 662 2030 24:

261 2101 305 2169 τίς
326 2096 380 2178 γὸρ
404 2097 455 2162 οὐκ
478 2095 554 2160 οἶδεν
575 2102 652 2175 ὑμῶν
674 2095 786 2179 Λάχητι
807 2108 848 2176 τῷ
868 2098 1060 2172 Mesorome,
1089 2101 1196 2162 ἁλῶναι
1218 2101 1271 2178 peis

265 2203 371 2283 ὁμοίως
400 2210 429 2265 dv
452 2209 624 2284 δικαστηρίῳ
648 2205 774 2288 συμβάν,
806 2209 843 2276 ὡς
872 2208 922 2267 καὶ
944 2216 992 2267 υῦυ
1021 2217 1081 2277 τοῖς
1103 2203 1271 2287 Λυκούργου

263 2313 373 2390 παισίν,
390 2311 540 2390 ἀφεθῆναι
556 2312 587 2372 di
603 2321 661 2372 nois
675 2309 709 2373 si
725 2307 827 2391 ὄφλημ’
845 2314 1059 2384 ἐπιστείλαντος
1068 2312 1255 2392 Ἀλεξάνδρου
1260 2339 1271 2386 ,·

103 2444 256 2512 Pridious
280 2444 372 2531 (ibid
395 2465 425 2526 p.
451 2443 508 2523 24)
532 2443 597 2510 illis
619 2443 700 2512 uiris
724 2445 829 2511 doctis
853 2445 1042 2530 assentitur,
1070 2445 1125 2526 qui
1149 2444 1270 2527 epistu-

102 2553 167 2618 lam
199 2551 234 2616 in
268 2550 358 2618 ueris
393 2557 585 2633 posuerunt,
621 2569 755 2631 quorum
788 2551 985 2618 sententiam
1020 2559 1056 2617 ut
1091 2550 1269 2635 confirmet,

103 2659 331 2725 Alexandrum
372 2676 430 2741 pro
465 2656 631 2723 exsulibus
665 2658 875 2740 deprecatum
910 2675 984 2724 esse
1017 2676 1076 2740 per
1111 2657 1269 2740 epistulas

102 2765 201 2832 etiam
224 2764 357 2831 aliunde
389 2782 447 2830 nos
477 2764 562 2829 seire
595 2763 684 2830 dicit.
730 2765 794 2831 Sed
823 2765 858 2830 in
881 2766 943 2830 hao
972 2764 1111 2847 epistula
1139 2766 1269 2830 11111
1295 2851 1297 2856 Ι

103 2871 228 2954 exsule,
252 2872 312 2937 sed
334 2872 375 2935 11
397 2869 526 2936 homine
550 2867 668 2953 agitur,
694 2870 749 2950 qui
765 2876 899 2953 propter
921 2870 1094 2954 privatam,
1118 2857 1269 2941 111111-

102 2985 166 3058 tur,
190 2977 343 3063 injuriam
369 2976 509 3058 pecunia
531 2977 605 3062 (πᾶν
626 2974 660 3038 el
683 2972 813 3061 ὄφλημα)
843 2976 897 3044 vel
912 2976 979 3042 alia
1002 2977 1141 3058 quadam
1163 2995 1269 3059 poena

101 3083 239 3150 affectus
262 3089 343 3151 erat
388 3081 613 3147 Alexandrum
636 3087 746 3148 autem
770 3082 897 3150 cavisse
911 3101 953 3148 ne
977 3082 1109 3165 privata
1125 3084 1268 3152 Graeco-

101 3209 173 3255 rum
202 3188 278 3273 jura
306 3190 456 3272 uiolaret,
487 3187 693 3271 perspicuum
723 3193 774 3254 est
803 3192 901 3254 etex
931 3188 1047 3273 111111,
1080 3190 1165 3270 quod
1195 3195 1269 3256 erat

103 3298 142 3362 11
167 3295 335 3362 exsulibus
358 3292 573 3361 restituendis
584 3294 608 3381 1)
632 3300 665 3361 et
689 3313 730 3362 ex
751 3295 920 3362 Plutarchi
943 3295 1001 3363 vit.
1031 3295 1125 3362 Alex.
1149 3296 1268 3362 XXIX

101 3401 230 3472 verbis:
266 3404 344 3463 ’Euri
378 3402 409 3462 11
434 3399 634 3481 Ἀθηνόδωρος
667 3399 722 3463 1πό
750 3411 805 3463 τῶν
830 3401 993 3481 Ἀθηναίων
1021 3402 1189 3480 ζημιωθείς,
1223 3400 1268 3465 ὅτι

100 3506 173 3591 πρὸς
199 3507 249 3570 τὸυ
276 3509 371 3589 οὶγῶυα
401 3517 456 3570 suia
484 3511 641 3570 Διονυσίων
663 3509 717 3570 οὐκ
752 3507 922 3589 ἀπήντησεν,
955 3508 1034 3588 ἠξίου
1056 3509 1169 3591 γράψαι
1200 3515 1267 3592 περὶ

8 3631 9 3638 ’
102 3617 192 3678 αὐτοῦ
212 3622 263 3677 eor
283 3616 418 3696 βασιλέα,
440 3625 528 3676 τοῦτο
549 3616 602 3692 μὲι
624 3615 677 3677 οὐκ
707 3620 834 3694 ἐποίησε,
857 3615 907 3694 τὴν
929 3619 960 3678 di
990 3616 1092 3694 inulas
1114 3617 1267 3680 ἀπέστειλε

8 3765 9 3796 2
102 3724 169 3802 παρ’
195 3725 306 3805 ἑαυτοῦ,
331 3740 412 3802 quae
435 3721 608 3803 epistulam
630 3721 665 3787 in
688 3721 903 3805 suspicionem
925 3729 1054 3791 uocant.

8 3861 9 3916 3
188 3829 240 3894 Ad
273 3829 404 3894 eosdem
434 3828 545 3893 datam
569 3827 742 3928 epistulam
770 3835 931 3895 memorat
953 3828 1174 3896 Philostratus
1197 3832 1266 3893 Βίοι

101 3944 244 4012 σοφιστῶν
267 3933 351 4016 Aps,
375 3933 452 4017 VII,
475 3934 539 4000 vol.
563 3933 598 3999 ΙΙ
621 3953 653 4015 p.
681 3931 723 3999 48
747 3936 798 4000 ed.
823 3935 962 4018 Kayser.

188 4164 211 4234 ¹)
230 4164 356 4219 01111111
376 4179 455 4232 supra
472 4181 498 4232 p.
520 4163 555 4218 66
576 4179 615 4231 sq.
