3008 4614
651 105 713 174 143

255 307 456 382 ἐπικοσμῆσαι.
495 307 544 364 καί
579 305 658 382 ὑμεῖς
689 301 846 383 πρόσωπόν
879 328 910 368 τε
944 303 1191 390 κοσμησάμενοιῑ)
1224 310 1262 376 ὡς

254 404 313 472 olla
329 430 359 470 τε
375 408 527 470 κάλλιστον
550 413 599 470 καί
621 405 713 472 alna
733 407 831 472 πάντα
846 408 884 472 τά
899 407 1060 492 άκάλουθα,
1086 415 1135 473 καὶ
1151 410 1262 490 κόσμον

253 510 342 576 πολίνν
374 517 422 574 καί
452 510 593 594 πολυτελη
621 510 656 595 τῇ
679 523 742 593 θεῷ
761 513 1046 593 παρασκευάσαντες
1060 520 1109 578 καί
1132 520 1264 597 θεωρίαν

253 623 301 682 καί
334 624 442 682 θυσίαν
471 622 582 683 πολλῶν
610 619 762 704 χρημάτων
793 622 1017 694 ἀποστείλαντες
1043 621 1260 703 ἐπεκοσμήσατε

252 722 285 788 τά
309 725 372 798 ἕδος
393 736 443 806 τῆς
464 724 572 807 Διώνης
590 727 676 801 άξίως
691 731 740 790 καί
755 733 832 806 ὑμῶν
847 728 939 791 αὐτῶν
954 733 1002 789 καὶ
1017 740 1067 810 τῆς
1082 738 1165 797 θεοῦ.
1189 731 1261 810 ὑπὲρ

251 829 359 896 τούτων
391 838 456 912 ὑμῖν
484 831 522 896 τά
549 831 713 915 ἐγκλήματα
737 831 810 914 ἦλθε
840 838 902 915 παῤ
931 833 1119 914 Ολυμπιάδος
1146 843 1176 898 δν
1198 849 1262 904 ταῖς

252 941 417 1012 ἐπιστολαῖς
445 945 482 1011 ὡς
513 945 529 1020 ἡ
555 939 632 1022 χώρα
660 940 703 1020 εἴη
725 945 894 1022 ῆΜολοττία
918 942 1014 1025 αὐτῆς,
1038 949 1068 1004 dr
1090 939 1107 1022 ᾖ
1129 940 1163 1006 τὸ
1185 939 1263 1019 ἱερόν

251 1051 337 1112 ἐστιν.
362 1041 464 1109 οίνκουν
486 1057 630 1128 προσῆκεν
654 1051 728 1127 ἡμᾶς
748 1056 803 1110 τοῖα
825 1053 888 1110 ἐκεῖ
906 1047 971 1112 οὐδὲ
996 1047 1026 1110 ἓν
1049 1059 1144 1115 κινεῖν.

67 1179 126 1244 Ex
143 1179 342 1264 Hyperidis
365 1180 477 1248 verbis
500 1180 579 1249 ibid.
603 1182 663 1248 col.
688 1180 731 1248 36
748 1202 794 1264 sq.
819 1182 963 1266 intelligi
985 1185 1064 1249 licet
1086 1183 1261 1266 epistulam

68 1288 196 1352 datam
212 1305 287 1354 esse
299 1289 485 1369 priusquam
500 1288 669 1373 Olympias
680 1289 822 1371 phialam
835 1288 992 1372 mitteret,
1010 1307 1093 1371 quae
1104 1288 1260 1356 sinistrae

69 1393 200 1460 manui
219 1399 351 1461 statuae
368 1394 498 1479 Hygiae
514 1395 722 1462 insereretur.
753 1396 817 1463 Sed
835 1397 963 1476 quando
979 1393 1148 1478 Olympias
1169 1394 1260 1462 illam

70 1500 234 1580 phialam
264 1501 402 1585 miserit,
434 1521 498 1568 non
526 1507 631 1585 patet.
678 1502 758 1568 Cum
788 1507 898 1569 eutem
929 1502 1097 1584 Olympias
1129 1501 1164 1568 in
1196 1504 1258 1568 hec

72 1607 233 1688 epistula
248 1606 418 1692 scripserit
433 1607 642 1675 Molossidem
658 1626 751 1675 suam
766 1627 848 1692 esse,
867 1608 977 1693 colligi
991 1607 1069 1674 licet
1084 1607 1259 1690 epistulam

73 1714 198 1780 datam
225 1732 297 1781 esse
320 1722 396 1796 post
417 1714 598 1781 Alexandri
621 1715 780 1798 Epirotae
805 1725 949 1782 mortem.

171 1823 279 1888 'Peste
302 1821 446 1888 Diodoro
470 1821 581 1905 XVII,
607 1819 715 1905 108,7
732 1821 901 1905 Olympias
925 1828 959 1888 et
974 1820 1151 1904 Antipater
1174 1821 1257 1888 Har·

74 1930 209 2008 palum,
228 1930 283 2009 qui
295 1929 442 1995 Athenas
455 1928 656 2012 profugerat,
670 1930 712 1995 ab
725 1928 978 1995 Atheniensibus
989 1929 1258 2010 depoposcerunt:

250 2058 447 2139 ἐξαιτούμενος
469 2061 500 2122 δὲ
523 2059 570 2123 ὑπ’
596 2059 787 2141 Ἀντιπάτρου
809 2063 857 2121 καί
877 2057 1070 2138 Ὀλυμπιάδος
1092 2063 1140 2122 καὶ
1163 2058 1256 2121 πολλά

249 2166 380 2249 χρήματα
422 2165 540 2238 διαδοὺς
576 2179 637 2239 τοῖς
675 2168 747 2248 ὑπὲρ
785 2167 875 2230 αὐτοῦ
911 2172 1101 2248 δημηγοροῦσι
1139 2167 1256 2247 ῥήτορσι

250 2272 349 2355 διέδρα
372 2276 431 2340 κτλ.

80 2405 151 2472 Sed
168 2414 282 2475 utrum
297 2407 454 2489 epistulas
470 2409 513 2473 ad
528 2407 745 2475 Athenienses
770 2408 930 2491 dederint,
954 2427 997 2474 an
1020 2408 1146 2491 legatos
1161 2408 1257 2473 mise·

79 2513 160 2596 rint,
188 2513 245 2596 qui
268 2516 447 2598 Harpalum
471 2515 576 2582 abiis
600 2516 822 2598 deposcerent,
847 2533 911 2580 uon
933 2514 1045 2596 liquet

177 2621 382 2704 Olympiadis
398 2622 441 2687 ad
456 2621 736 2704 Hephaestionem
760 2622 853 2687 datas
877 2621 1034 2702 epistulas
1049 2626 1083 2686 et
1097 2637 1146 2700 ea,
1173 2638 1255 2700 quae

82 2727 316 2811 Hephaestion
338 2727 519 2811 rescripsit,
543 2734 701 2794 memorat
724 2727 888 2793 Diodorus
911 2727 1020 2810 XVII,
1045 2726 1154 2806 114,3:

249 2860 380 2923 καθόλου
401 2858 456 2942 γάρ
480 2864 495 2923 ὃ
516 2865 699 2940 Ἡφαιστίων
731 2857 874 2931 τοσαύτης
903 2858 1034 2933 ίξουσίας
1065 2863 1114 2920 καί
1144 2859 1256 2938 φιλικῆς

250 2964 387 3030 ἐκοινώνει
409 2971 572 3049 παρρησίας
598 2969 635 3038 ώς
663 2978 713 3046 τῆς
732 2962 927 3045 Ὀλυμπιάδος
954 2966 1112 3042 άλλοτρίως
1141 2959 1258 3046 ίχοῦσης

250 3071 323 3155 πρὸς
346 3071 432 3136 αὐτὸν
454 3072 503 3135 διά
524 3070 575 3136 τάν
598 3073 720 3153 φθάνω,
744 3077 793 3135 καί
816 3068 892 3135 κατά
915 3071 969 3144 τάς
991 3068 1146 3143 ἐπιστολάς
1167 3072 1256 3132 ἐπιτι-

249 3179 345 3259 μώσης
367 3178 445 3259 αὐτῷ
464 3177 655 3261 σκληρότερον
677 3185 726 3242 καὶ
743 3177 924 3258 άπειλοίσης,
947 3178 984 3240 τά
1006 3202 1036 3240 τε
1052 3174 1127 3240 ἄλλα
1142 3173 1255 3259 γράψαι

250 3285 322 3365 πρὸς
344 3285 432 3366 αὐτὴν
455 3287 658 3366 ἐπιπληκτικῶς
679 3290 728 3347 καί
751 3284 827 3347 κατά
848 3283 899 3365 τὴν
923 3283 1075 3364 ἓπιοτολὴν
1098 3286 1146 3346 ἐπὶ
1165 3285 1256 3345 τελευ

249 3404 299 3473 τῆς
322 3401 420 3457 θεῖναι
440 3404 543 3456 ταῦτα.
588 3397 651 3454 Καί
674 3391 748 3475 πρὸς
770 3396 846 3474 ἡμᾶς
868 3389 963 3454 παάου
985 3389 1192 3473 διαβαλλομίνη
1207 3393 1255 3451 καί

249 3498 289 3580 μὴ
309 3499 463 3583 χαλάσατε
484 3500 554 3580 μηδὲ
578 3499 705 3562 άπείλει·
729 3505 758 3561 εί
784 3500 815 3562 ol
838 3504 886 3578 μή,
909 3503 1030 3580 μετρίως
1050 3501 1114 3578 ἡμῖν
1129 3494 1254 3576 μελήσει,

250 3604 331 3680 οἶδας
353 3603 409 3688 γάρ
432 3603 474 3669 ὅτι
490 3585 681 3684 Ἀλίξανδρος
703 3610 838 3687 κρείττων
860 3602 1006 3672 ἁπάντων.

0 3671 2 3768 ί
90 3731 253 3798 Diodorus
281 3731 422 3799 dilucide
444 3751 511 3800 non
540 3731 620 3799 dicit
645 3731 706 3797 has
730 3731 888 3815 epistulas
911 3731 954 3796 ad
976 3727 1255 3811 Hephaestionem

91 3838 186 3905 datas
198 3857 278 3922 esee,
294 3837 425 3906 aclicct
435 3837 553 3924 conjici
565 3837 791 3922 Olympiadem
803 3839 846 3904 ad
858 3836 1081 3904 Alexandrum
1097 3833 1255 3919 epistulas

93 3944 234 4025 dedisse,
264 3945 380 4027 quihus
402 3944 680 4029 Hephaestionem
704 3944 973 4027 calumniaretur,
1002 3943 1061 4008 sed
1082 3943 1128 4008 ad
1149 3941 1255 4025 ipsum

92 4089 302 4100 ——t—n—

180 4160 201 4229 1)
219 4157 400 4213 sesemen.
420 4155 477 4213 mi:
495 4155 676 4225 maram.
694 4155 749 4214 an:
773 4153 952 4226 «ομσιμοο,
