3008 4614
15 201 17 290 ,
562 111 771 214 Α.

15 291 16 320 ’
79 327 142 375 cur
174 307 342 391 Olympias
370 325 443 374 eum
473 314 540 374 tarn
575 307 698 376 acriter
728 307 967 392 cohortaretur,
991 312 1027 372 ut
1051 325 1132 390 enm,
1157 325 1252 387 quem

80 416 155 498 ipse
179 418 358 498 optaverat
380 431 527 497 coquum,
552 413 725 498 acciperet.
768 413 833 482 Sed
856 415 917 480 hoc
939 412 1055 499 levius,
1078 412 1159 480 illud
1174 431 1254 482 vero

83 520 317 603 gravissimum
347 525 417 604 est,
456 521 543 602 quod
576 519 679 604 ipsius
712 519 871 604 epistulae
893 521 998 587 verba
1020 520 1108 586 inter
1130 537 1166 586 se
1190 519 1254 586 dis-

81 636 238 710 crepant:
285 626 455 713 Olympias
484 627 570 694 enim
604 626 716 709 primo
743 627 862 694 obtulit
896 627 1083 694 Alexandro
1119 643 1256 707 coquum

83 736 244 819 (Πελίγναν
266 731 317 795 τὸν
339 733 476 814 μάγειροι*
497 735 569 814 λαβὲ
592 731 676 812 παρὰ
697 743 748 813 τῆς
768 730 888 818 μητρός)
913 732 1030 800 deinde
1053 733 1137 816 petit
1160 750 1256 813 quem

82 840 157 923 ipsa
192 840 358 907 obtulerat
392 858 529 922 coquum
555 837 618 925 (καὶ
645 839 817 902 ἀπόστειλον
844 837 917 921 πρὸς
947 840 997 916 ἐμὲ
1024 837 1076 917 τὴν
1107 838 1256 924 ταχίστην)

22 969 26 988 ’
84 953 123 1011 ut
147 965 211 1012 non
234 945 361 1027 liqueat
381 955 489 1012 utrum
512 947 701 1013 Alexander
735 965 777 1013 an
801 944 969 1029 Olympias
993 964 1066 1011 eum
1089 943 1256 1027 petiverit.

84 1056 178 1120 Haec
210 1059 322 1125 autem
345 1051 571 1135 discrepantia
587 1071 705 1120 vereor
728 1071 770 1120 ne
794 1050 1075 1119 emendationibus
1099 1051 1170 1118 tolli
1193 1069 1258 1116 non

85 1159 207 1242 possit:
231 1177 338 1240 neque
363 1158 449 1224 enim
472 1161 514 1226 ab
539 1159 755 1241 epitomatore
778 1160 918 1239 quodam
942 1166 999 1224 aut
1022 1156 1168 1238 librario,
1199 1157 1257 1222 sed

82 1267 127 1331 ab
162 1263 233 1348 ipso
274 1265 436 1347 epistulae
472 1265 633 1348 scriptore
666 1273 740 1332 orta
763 1273 813 1332 est
842 1265 1056 1345 fraudemque
1087 1261 1257 1349 detegitl).

89 1371 228 1438 Accedit
259 1372 344 1453 quod
370 1371 597 1454 Olympiadem
621 1391 663 1439 ex
692 1373 772 1440 Asia
800 1371 864 1438 0111
887 1373 986 1440 talem
1010 1389 1149 1453 coquum
1172 1370 1259 1436 mitti

88 1476 241 1549 voluisse,
265 1483 324 1543 aut
338 1478 561 1544 Alexandrum
577 1477 803 1546 bacchicorum
820 1484 854 1544 et
868 1481 1041 1562 orgiorum,
1058 1495 1142 1560 qnae
1162 1495 1259 1543 voca-

89 1585 180 1665 bant,
205 1585 346 1666 peritum
371 1603 509 1664 coquum
537 1584 742 1652 desiderasse
771 1583 924 1650 credibile
954 1591 1104 1650 nonest.
1150 1584 1262 1650 Verba

88 1707 216 1772 quoque
233 1689 396 1768 Ὀλυμπιὰς
411 1687 576 1770 προθύεται,
591 1691 807 1772 suspicionem
823 1698 975 1758 movent:
999 1710 1076 1756 nam
1093 1689 1260 1774 Olympias

88 1816 147 1878 pro
182 1795 235 1879 1γώ
262 1793 433 1878 προθύομαι
463 1816 528 1863 000
560 1796 697 1864 dixisset
727 1794 889 1875 Ὀλυμπιὰς
918 1796 1090 1881 προθύεται,
1115 1797 1262 1878 emphasi

92 1903 177 1969 enirn
202 1903 292 1970 locus
316 1922 380 1969 non
404 1911 464 1970 est.
511 1901 672 1986 Quoniam
696 1914 805 1970 autem
829 1905 1001 1970 obscurum
1027 1912 1077 1969 est
1101 1920 1260 1986 quaenam

87 2013 147 2078 1110
171 2030 266 2078 00000
289 2011 422 2093 fuerint,
441 2029 524 2092 quae
536 2003 695 2089 Ὀλυμπιὰς
710 2010 886 2095 apuleiae,
905 2011 1115 2077 Oasaubonus
1138 2009 1260 2076 ibidem

91 2114 722 2202 0000011000011000100’0100010111
750 2123 940 2198 00100000,
975 2134 1058 2199 quae
1090 2114 1262 2199 Olympiae

86 2223 212 2290 fiebant
246 2224 287 2288 ab
312 2223 481 2308 agonistis
506 2225 695 2306 priusquam
717 2230 883 2290 certamen
906 2224 1040 2290 inirent.
1086 2223 1152 2290 Sed
1180 2221 1257 2304 quid

88 2331 279 2396 Alexander
313 2329 465 2396 habuerit
499 2348 556 2397 cur
582 2331 743 2398 hominem
778 2333 891 2398 horum
925 2350 1090 2397 sacrorum
1117 2331 1258 2413 peritum
1367 2357 1369 2366 r

87 2437 306 2519 desideraret,
337 2445 395 2504 aut
424 2455 509 2518 quae
533 2457 634 2504 causa
658 2436 887 2522 Olympiadem
909 2438 1079 2521 impellere
1101 2436 1256 2520 potuerit,

90 2552 125 2611 nt
149 2543 759 2628 01100010000100001001100010010
783 2545 890 2612 studio
915 2545 1166 2623 commendaret,
1193 2562 1259 2609 uon

90 2651 207 2731 vioeo;
242 2668 347 2730 neque
382 2657 459 2732 puto
495 2651 661 2719 exstitisse
694 2670 836 2732 unquam
873 2650 1059 2734 Pelignam,
1097 2649 1259 2716 hominem

88 2776 235 2838 coquum,
253 2758 309 2837 qui
321 2756 462 2822 omnium
480 2758 598 2823 rituum
616 2756 1259 2840 000011000111000110000001.1010001110

90 2871 201 2930 autem
224 2864 258 2929 in
282 2863 411 2930 illorum
435 2864 653 2948 sophistarum
676 2884 810 2932 numero
826 2864 927 2930 fuisse
942 2864 1084 2948 videtur,
1110 2862 1165 2945 qui
1179 2863 1261 2929 nihil

95 2971 292 3053 scribebant,
324 2970 388 3037 nisi
411 2972 651 3054 exaggerando,
681 2989 781 3052 quare
804 2989 866 3038 000
893 2970 1066 3053 dubitavit,
1098 2969 1260 3036 100000-

91 3077 190 3138 quum
215 3057 301 3123 omni
323 3059 460 3127 scientia
483 3060 602 3126 rituum
625 3060 832 3127 sacrificandi
855 3078 1026 3139 exornare,
1060 3059 1261 3142 sapientissi-

97 3182 245 3245 mumque
276 3165 447 3248 Pelignam
482 3167 623 3251 efficere,
660 3167 751 3249 cujtus
785 3165 941 3250 Pelignus
969 3167 1131 3233 neminem
1154 3184 1261 3233 rernm

95 3270 279 3336 Alexandri
301 3271 494 3354 scriptorum
518 3272 712 3340 mentionem
730 3273 842 3340 tacere
857 3291 921 3338 non
946 3279 997 3340 001
1013 3273 1100 3354 quod
1116 3274 1260 3339 doceam.

181 3377 375 3444 Plutarchus
390 3377 462 3464 (111.
479 3379 574 3446 Alex.
591 3379 638 3462 X)
654 3379 736 3446 dicit
749 3380 948 3447 Pixodarnm
965 3379 1082 3446 Oariae
1095 3386 1262 3463 satrapam

8 3507 9 3540 1
92 3483 194 3550 filiam
225 3502 316 3551 suam
347 3485 510 3552 Arridaeo
544 3487 579 3553 in
608 3485 846 3553 matrimonium
877 3486 1050 3571 obtulisse,
1090 3486 1134 3553 ad
1165 3504 1262 3567 quam

97 3590 318 3658 narrationem
341 3591 424 3658 haec
448 3591 610 3675 adjungit:

252 3692 342 3769 αὖθις
369 3703 493 3778 dylrorro
515 3697 595 3778 λόγοι
617 3702 666 3760 καὶ
689 3702 823 3780 διαβολαὶ
847 3697 927 3779 παρὰ
950 3696 1005 3763 τῶν
1027 3702 1120 3779 φίλων
1142 3703 1191 3760 καὶ
1213 3709 1264 3775 τῆς

96 3875 305 3886 ———-——

186 3979 209 4048 ¹)
227 3979 348 4036 Pridicus
372 3980 480 4050 (ibidem
499 3999 535 4059 pq
556 3983 619 4051 134)
642 3981 783 4050 epistulam
806 3997 898 4036 veram
928 3997 987 4038 ease
1010 3982 1086 4050 dicit;
1110 3983 1143 4037 de
1174 3997 1263 4035 corru-

103 4066 187 4137 ptelis,
206 4084 273 4137 quae
286 4069 313 4122 in
331 4070 473 4139 00100001,
492 4087 527 4124 ne
541 4071 682 4138 disputatio
693 4085 745 4125 sua
757 4071 835 4125 nimis
847 4071 925 4140 longa
941 4071 988 4126 fiat
1001 4072 1134 4141 disputare
1146 4073 1262 4140 praeter-

97 4156 187 4211 mittit.
