3016 4612
748 71 790 138 24

660 163 873 176 m

184 273 338 332 ἐπιστολῶν
361 271 462 355 (Plnt.
496 271 553 335 vit.
578 268 670 334 Alex.
695 267 792 354 VIII)
824 267 907 334 nihil
942 267 1030 333 alind
1054 265 1252 350 significant,
1288 263 1358 330 nisi

183 394 286 458 genus
318 375 547 456 epistularum,
585 372 620 438 id
657 381 709 439 est
744 373 902 454 epistulas
926 371 1024 438 simili
1047 371 1205 456 exemplo,
1237 372 1356 454 quales

182 482 375 548 Alexander
400 479 583 562 complures
607 478 778 560 scripsisse
803 477 944 562 videtur,
970 497 988 544 e
1012 480 1129 559 quihus
1154 477 1355 543 Plutarchus

184 605 281 652 unam
305 586 498 653 memoravit
521 585 555 650 in
572 587 643 652 vita
658 583 842 649 Alexandri
857 585 947 651 XLI.
987 585 1086 650 Tales
1103 588 1213 650 autem
1231 582 1351 664 epistu-

183 693 233 758 las
264 694 306 758 ah
337 692 525 758 Alexandro
564 692 607 757 ad
645 690 773 756 sodales
813 695 965 774 aegrotos
995 689 1124 772 missas,
1159 689 1193 754 in
1233 689 1354 770 quibus

182 802 358 881 praecepta
369 798 529 878 quaedam
542 796 702 863 salutaria
710 796 897 877 conscripta
905 793 1354 880 erant,poteratPlutarchus

183 903 280 968 etiam
304 903 338 968 in
368 901 461 969 libris
491 921 600 968 rerum
639 904 834 984 scriptorum
872 902 981 984 legare
1000 906 1051 985 et,
1091 903 1169 983 qnia
1207 899 1354 982 ejusdem

182 1009 313 1090 generis
337 1016 441 1091 erant,
473 1013 504 1068 ἐκ
534 1019 588 1070 τοον
616 1009 773 1070 ἐπιστολῶν
796 1009 917 1073 dicere.
964 1007 1089 1073 Eadem
1122 1006 1188 1072 dici
1217 1010 1355 1088 possunt

183 1115 223 1179 de
246 1114 420 1180 Plutarchi
432 1114 503 1197 (vit.
526 1114 618 1180 Alex.
642 1112 754 1200 XLII)
771 1113 897 1182 verbis:
921 1113 1056 1175 τοιούτων
1079 1114 1243 1184 ἐπιστολῶν,
1267 1131 1355 1193 quae

182 1220 454 1285 Westermannns
478 1219 560 1283 bene
585 1217 665 1283 fecit
689 1219 775 1298 quod
797 1236 861 1284 non
879 1219 1004 1299 attigit:
1029 1236 1133 1299 neque
1157 1218 1241 1284 eninr
1258 1218 1355 1284 aliud

183 1323 381 1405 significant,
406 1323 471 1391 nisi
506 1323 665 1405 epistulas
700 1325 812 1390 eodem
848 1325 1006 1407 exemplo,
1041 1325 1076 1390 id
1107 1331 1157 1390 est
1193 1324 1354 1407 epistulas

183 1430 373 1515 familiares,
398 1430 431 1496 in
456 1430 572 1512 quibus
597 1432 637 1496 de
661 1430 828 1498 vilissimis
844 1433 943 1499 rebus
966 1431 1122 1514 scriptum
1139 1437 1221 1510 erat,
1247 1448 1354 1511 neque

183 1535 336 1603 differunt
367 1556 387 1601 a
426 1537 656 1605 Demosthenis
693 1537 752 1622 (or.
793 1537 852 1617 IV,
891 1535 1002 1623 37,5I)
1040 1539 1170 1604 verbis:
1214 1535 1355 1610 τοιούτοις

183 1641 345 1725 ἐπιστολάς,
364 1644 428 1710 nisi
444 1663 490 1728 eo,
515 1645 602 1728 quod
617 1644 815 1712 Plutarchus
839 1647 879 1712 de
895 1643 1041 1727 pluribus
1058 1645 1203 1727 ejusdem
1220 1644 1354 1727 generis

182 1749 329 1830 epistulis
368 1747 505 1812 τοιούτων
543 1752 707 1833 ἐπιστολῶν,
747 1750 987 1818 Demosthenes
1028 1752 1069 1816 de
1108 1768 1172 1816 une
1210 1747 1355 1821 τοιαύτας

182 1854 337 1926 ἐπιστολὰς
360 1856 455 1923 dixit.

224 2040 226 2044 ‚
271 1962 360 2044 Quae
384 1979 452 2027 cnm
482 1963 529 2028 ita
557 1965 640 2044 sint,
676 1979 741 2027 non
766 1981 783 2026 e
806 1980 888 2029 voce
912 1964 1089 2040 ἐπιστολαῖς,
1125 1964 1183 2029 sed
1206 1979 1247 2026 ex
1270 1961 1354 2042 ipsis

182 2067 394 2147 epistularum
419 2066 620 2150 argumentis
635 2073 735 2147 atque
759 2073 917 2134 contextu
940 2068 1107 2150 sermonis,
1132 2066 1185 2135 cui
1200 2066 1354 2150 singulae

183 2171 343 2253 epistulae
366 2172 579 2254 interpositae
603 2179 688 2256 sunt,
724 2180 758 2240 et
781 2192 823 2239 ex
845 2173 895 2254 iis,
920 2193 1006 2257 quae
1040 2192 1149 2240 rernm
1173 2173 1354 2254 scripseras

183 2277 224 2341 de
245 2276 394 2358 epistulis
411 2277 604 2359 quibusdam
622 2280 767 2362 tradunt,
792 2281 1014 2360 quaerendum
1031 2286 1083 2344 est
1105 2283 1179 2345 utro
1205 2298 1246 2345 ex
1261 2277 1353 2344 fonte

182 2380 331 2464 singulae
355 2380 517 2464 epistulae
540 2382 678 2450 haustae
694 2384 777 2467 sint;
803 2386 888 2468 quod
912 2403 954 2450 ex
976 2383 1113 2468 singulis
1130 2383 1278 2467 epistulis
1287 2402 1351 2450 suo

180 2489 252 2555 loco
277 2487 431 2570 expositis
462 2487 655 2570 singillatim
689 2491 821 2573 assequi
856 2491 1009 2557 conabor.
1052 2491 1146 2558 Nunc
1169 2490 1352 2572 generatIm

182 2594 288 2660 dicam
314 2594 390 2674 qnid
413 2595 454 2659 de
477 2595 539 2661 hac
562 2614 599 2660 re
624 2593 771 2660 santiam.

272 2716 392 2784 Omnes
416 2719 567 2785 subditae
590 2717 762 2801 epistulae,
788 2719 948 2801 qnoniam,
973 2727 1010 2786 nt
1033 2720 1162 2803 suprell
1185 2719 1262 2802 dixi,
1286 2737 1351 2786 non
1420 2709 1425 2712 ’

182 2827 255 2888 erat
280 2841 338 2889 cur
360 2840 470 2890 rernm
487 2823 667 2891 Alexandri
684 2823 862 2906 scriptores
885 2825 1029 2907 ejusdem
1054 2824 1174 2892 aetatis
1190 2825 1351 2908 epistulas

181 2927 354 3008 fingerent,
387 2947 426 2994 ex
451 2929 663 3016 epistularum
699 2929 888 3014 corporibus
923 2935 1074 3014 sumptae
1110 2936 1195 2996 sunt.
1240 2930 1351 2996 Venae

182 3040 290 3098 autam
314 3033 476 3117 epistulae
500 3040 534 3099 et
558 3053 575 3100 e
607 3034 700 3102 libris
724 3054 832 3102 rerum
857 3037 1053 3118 scriptorum
1088 3034 1206 3119 prioris
1229 3038 1352 3103 aetatis

182 3144 216 3203 et
240 3157 281 3203 ex
304 3138 515 3223 epistularum
541 3140 733 3225 corporibus
767 3140 916 3225 depromi
947 3147 1114 3225 poterant.
1160 3143 1212 3208 Ex
1234 3143 1351 3222 quibus

182 3250 272 3310 certe
308 3251 341 3309 et
371 3265 436 3327 eas,
473 3265 651 3328 quaecum
685 3249 877 3315 narratione
900 3253 994 3314 arcte
1029 3248 1205 3315 cohaerent
1238 3247 1292 3315 val
1314 3253 1352 3316 ut

182 3368 303 3417 causae
327 3370 437 3418 rerum
470 3360 638 3436 gestarum
662 3354 887 3439 proferuntur,
923 3362 957 3421 et
979 3353 1064 3438 illas,
1099 3370 1184 3433 quae
1207 3352 1352 3420 traditur

182 3475 244 3537 quo
269 3475 286 3521 e
308 3456 381 3523 loco
406 3469 463 3527 aut
487 3478 548 3546 quo
572 3478 719 3546 tempora
742 3461 886 3545 scriptae
910 3461 1098 3541 allataeque
1114 3458 1190 3542 sint,
1215 3466 1273 3526 aut
1296 3461 1352 3542 qni

181 3563 348 3629 tabellarii
373 3582 428 3631 aas
451 3551 669 3647 reddiderint,
693 3586 734 3632 ax
756 3565 851 3634 libris
875 3585 984 3633 rerum
1013 3567 1208 3651 scriptorum
1232 3565 1352 3650 prioris

181 3669 301 3736 aetatis
325 3677 473 3755 sumptas
497 3690 570 3739 esse
600 3673 633 3738 in
657 3678 809 3757 promptu
834 3677 900 3738 est:
934 3690 1040 3753 neque
1075 3671 1161 3739 anim
1185 3672 1271 3739 unde
1294 3678 1353 3748 ant

182 3777 312 3854 qnando
335 3777 497 3860 epistulae
520 3778 619 3842 datae
643 3787 764 3860 essent,
788 3796 893 3858 neque
918 3780 973 3858 qni
990 3777 1156 3845 tabellarii
1172 3796 1229 3844 eas
1244 3777 1353 3844 reddi·

181 3879 309 3945 dissent
343 3884 465 3949 mentio
488 3882 562 3949 fieri
592 3889 734 3966 poterat,
772 3883 800 3950 si
834 3903 876 3950 ex
911 3885 1126 3970 epistularum
1160 3883 1353 3973 corporibus

271 4090 292 4155 ¹)
311 4107 337 4157 p.
358 4092 400 4146 le.
