3016 4612
805 145 825 209 6

233 339 370 404 eundum
395 339 552 420 optimum
575 337 733 406 historiae
758 340 952 421 scriptorum
981 341 1163 422 exemplum
1192 342 1232 406 ab
1262 339 1342 422 ipsis
1378 339 1409 404 si

232 463 296 510 non
321 446 449 511 omnino
473 443 634 527 inventae,
670 455 705 511 at
728 443 909 512 imitatione
934 447 1050 512 saltem
1074 464 1246 527 expresses
1269 446 1408 524 suisque

233 569 297 616 non
321 552 410 631 regis
433 551 543 616 verbis
567 556 742 632 conceptas
759 569 831 618 esse
849 552 972 616 credat.
1019 552 1068 618 De
1090 551 1194 617 altero
1211 551 1302 617 fonte
1319 551 1408 615 haee

233 662 308 722 sunt
332 655 573 722 Westermanni
595 657 713 722 verba:
736 657 787 722 Ab
803 658 854 722 lais
870 655 1043 743 (falsariis)
1059 659 1283 724 Aleuoudrura
1299 660 1406 722 omitti

227 765 370 846 potuisse
386 784 522 845 prorsus
547 763 731 828 incredibile
753 770 815 829 est:
851 785 915 829 uou
950 770 1019 829 erat
1049 768 1134 830 euim
1164 765 1298 830 alterum
1335 770 1405 829 tuuc

231 875 358 952 protum
381 876 506 952 leuique
528 869 687 950 ltloueuru,
720 872 757 935 iu
780 891 839 951 quo
862 873 1026 954 iupeuiuuu
1056 877 1150 952 utque
1171 873 1253 934 uires
1280 891 1405 936 euerce-

231 981 309 1053 reut,
335 977 543 1055 epistularum
564 976 812 1058 fabricatoribus
835 983 1063 1060 orpurueutuur.
1114 977 1180 1042 Nec
1204 977 1293 1058 tolio,
1312 983 1404 1056 post-

232 1103 328 1163 quoru
350 1103 387 1147 erc
409 1084 565 1147 seuteutio
597 1082 693 1164 frous
719 1084 875 1174 successit,
908 1083 947 1148 ob
974 1103 1080 1148 rerum
1109 1084 1317 1163 scriptoribus
1349 1103 1404 1146 or-

232 1193 323 1268 repto
347 1193 440 1269 utque
457 1192 642 1270 propoputo
664 1208 729 1252 esse
751 1190 870 1252 uirum
893 1194 952 1253 est:
985 1190 1100 1254 scilicet
1127 1189 1280 1270 mojorem
1307 1189 1405 1253 rebus

231 1296 374 1358 uerrutis
412 1295 615 1375 quouluruois
655 1294 893 1358 incredibilibus
927 1295 1022 1377 {idem
1057 1285 1211 1360 accedere*
1236 1315 1301 1359 uou
1334 1296 1405 1358 siue

230 1401 353 1464 rotloue
375 1402 606 1474 esistiurobuut
631 1401 661 1463 si
675 1399 858 1465 Alcucuclri
872 1401 985 1482 ipsius,
1010 1422 1100 1483 quem
1116 1402 1291 1482 creolebout,
1316 1403 1403 1464 testi-

231 1507 334 1570 ruouio
358 1505 632 1586 coufirmorcutur.
680 1504 835 1584 Exemplo
857 1511 941 1582 suut,
967 1526 1100 1586 quorum
1122 1507 1260 1572 soloruru
1282 1507 1340 1571 boc
1363 1526 1404 1570 erc

229 1631 340 1692 peuere
362 1614 484 1690 scripto
508 1612 551 1676 ool
573 1617 716 1676 uostruru
746 1616 879 1676 oetatem
901 1633 998 1693 usque
1021 1619 1241 1695 perrenorum,
1269 1613 1402 1679 Plutor-
1497 1632 1498 1635 ’

232 1717 307 1782 ciues
330 1723 423 1798 utque
445 1718 620 1796 Arriouus,
645 1718 688 1783 orl
710 1718 891 1783 Aleroudri
915 1719 1068 1798 epristulus
1094 1719 1264 1784 impatimur
1286 1739 1401 1802 prouo-

233 1829 348 1889 coutes.
399 1823 611 1889 Plutarchum
634 1830 715 1890 certe
736 1845 817 1906 quur
834 1825 963 1907 profert
985 1846 1048 1889 uou
1079 1846 1116 1889 eu
1144 1828 1319 1905 superioris
1349 1847 1402 1890 oe-

231 1933 306 1995 totis
327 1930 478 1995 historiae
502 1931 710 2009 scriptoribus
733 1932 930 2010 eucerpsisse,
955 1951 1062 1996 uerum
1087 1951 1124 1995 er
1145 1932 1314 2014 surrupiue
1338 1932 1402 2011 epi-

231 2037 388 2101 stuloruru
410 2035 606 2118 Aleuouolri,
631 2037 738 2118 quolis
762 2042 835 2100 tuuc
856 2039 936 2118 jora,
967 2041 1003 2101 ut
1031 2037 1162 2116 uidetur,
1198 2038 1402 2118 circumfere-

230 2143 332 2222 batur,
357 2143 585 2222 deprompsisse
609 2162 647 2206 ecc
669 2163 704 2206 eo
726 2142 865 2225 collipus,
896 2143 979 2224 quoti
1001 2163 1164 2225 uuuquoru
1190 2145 1227 2206 iu
1257 2146 1303 2208 eis
1330 2143 1401 2207 lou

232 2247 352 2312 claudis
374 2249 511 2313 oliorum
533 2250 723 2313 testimouils
752 2250 862 2326 utitur,
894 2269 1001 2314 uerum
1031 2255 1088 2313 out
1114 2250 1227 2314 borum
1253 2250 1401 2332 refellen-

233 2353 343 2418 dorum
369 2359 425 2418 out
460 2373 613 2418 uouoruru
647 2375 755 2418 rerum
785 2356 1053 2436 profusuriorum
1087 2377 1187 2420 ceusu
1218 2357 1262 2420 oti
1294 2358 1401 2438 rpsuuc

231 2460 454 2524 Ateruuuruu
480 2461 593 2540 ubique
611 2467 775 2540 prouocat,
799 2462 962 2526 iuteroluuc
985 2459 1081 2527 elium
1106 2469 1259 2545 cauquuu
1283 2464 1401 2528 librum

231 2568 426 2649 siupuloreru
448 2562 501 2636 τὰς
524 2563 678 2636 ἐπιστολὰς
702 2567 770 2647 ejus
793 2568 944 2648 oppellot,
969 2573 1005 2632 ut
1025 2569 1118 2633 Alete.
1144 2590 1160 2632 c
1184 2579 1214 2634 8.
1239 2579 1286 2634 17.
1312 2579 1362 2634 60.

319 2675 412 2738 Haeo
435 2671 593 2755 acerbius
617 2673 741 2754 opinor,
766 2690 861 2752 quam
887 2691 947 2753 par
972 2681 1044 2737 eret
1064 2673 1230 2756 judicavit
1254 2673 1400 2740 Wester-

230 2795 376 2845 mannus.
422 2779 445 2844 J
447 2797 498 2842 am
521 2778 610 2860 ipsos
640 2797 749 2844 rerum
780 2777 961 2844 Alexandri
991 2781 1174 2860 scriptores
1197 2780 1400 2861 exploremus

230 2883 480 2964 testimoniaque
498 2885 539 2949 ab
555 2882 595 2948 iis
612 2889 772 2970 petamus
797 2884 923 2964 quaesi
941 2883 1116 2965 diligenter
1132 2883 1399 2967 examinabimur,
1496 2935 1497 2938 ,

231 2989 341 3058 verius
366 2990 506 3056 sortasse
531 2991 572 3053 de
595 2988 806 3070 epistularum
830 2989 977 3056 lontibus
997 2990 1140 3072 jndicari
1163 2990 1292 3072 poterit.

320 3099 368 3162 Ac
399 3096 536 3178 primum
567 3095 736 3176 quaeritur
767 3095 913 3178 possitne
938 3095 1035 3162 certis
1061 3096 1263 3178 argumentis
1287 3097 1399 3172 confir-

231 3204 316 3269 mari
338 3221 446 3268 rerum
472 3203 654 3268 Alexandri
677 3203 852 3284 scriptores
876 3203 1028 3283 aequales
1053 3202 1209 3285 epistulas
1226 3205 1399 3269 memoriae

231 3309 421 3393 prodidisse.

319 3414 507 3482 Alexandri
545 3415 705 3497 epistulae
740 3437 759 3481 a
793 3414 971 3481 Plutarcho
1011 3414 1147 3494 aliisque
1185 3414 1399 3496 scriptoribus
1481 3466 1486 3474 ,

231 3522 414 3588 narrationi
436 3521 737 3601 ita'nonnunquem
760 3521 1031 3602 interponuntur,
1046 3527 1091 3603 ut,
1116 3539 1312 3602 quamquem
1329 3541 1400 3588 cum

231 3631 328 3696 rebus
359 3629 502 3701 narratis
535 3629 721 3706 cohaerent,
759 3633 867 3693 tamen
898 3625 1025 3692 ratione
1056 3645 1120 3706 qua
1148 3626 1334 3694 sententiae
1365 3646 1399 3694 se

232 3735 398 3817 excipiunt
421 3724 536 3817 parum
560 3736 696 3800 turbata
719 3732 790 3798 tolli
813 3732 947 3813 possint,
973 3750 1044 3798 cum
1068 3733 1207 3813 exempli
1234 3739 1292 3799 aut
1308 3735 1399 3800 testi·

231 3840 330 3908 monii
353 3859 452 3907 causa
476 3838 658 3905 narrationi
680 3838 879 3906 inserantur.
926 3839 1021 3905 Unde
1045 3838 1102 3906 vix
1124 3841 1200 3904 licet
1224 3841 1398 3920 deserum

232 3946 322 4013 fonte
346 3948 566 4030 conjecturam
589 3962 716 4026 capere.
763 3944 829 4010 Sed
852 3950 985 4010 exstant
1009 3945 1171 4025 epistulae
1186 3952 1399 4026 veterumque

230 4052 427 4135 testimonia,
452 4051 569 4130 quibas
593 4050 751 4132 expositis
775 4051 895 4116 iontem
921 4069 1030 4115 cerum
1055 4049 1089 4114 in
1114 4057 1226 4131 aperto
1256 4050 1399 4118 futurum

232 4178 303 4224 esse
327 4158 463 4223 conlido.
