3016 4612
677 133 719 201 37

273 335 310 400 ὡς
332 333 424 410 θηρία
447 335 494 390 dul
517 337 699 410 καταφθορᾷ
726 340 780 390 τῶν
810 328 975 406 dedecima
1001 328 1136 412 γεγοεόοα
1163 353 1287 412 τιμωρη-

273 433 398 514 σάμερον
422 435 599 501 ἀποκτείναι.
647 439 710 497 Καὶ
732 439 798 514 περὶ
823 441 926 499 ἑαυτοῦ
950 434 1026 498 κατὰ
1048 435 1123 510 λίξιε
1145 441 1175 497 da
1197 433 1287 514 ταύτῃ

274 551 308 619 τῇ
330 543 466 620 ἐπιστολῇ
488 546 639 624 γίγραφεο.
688 540 778 624 ,Epir
798 539 853 622 γὰρ
877 543 929 624 οὐχ
952 541 995 605 ὅτι
1011 540 1145 624 ἑωρακὼς
1159 540 1195 603 uir
1212 546 1287 619 εὕρε-

274 651 356 724 θείην
379 646 429 719 τὴν
451 639 579 727 Δαρείου
605 658 724 727 γυναῖκα
748 645 766 726 ἢ
791 647 998 728 βεβουλημένος
1021 652 1099 720 idaia,
1128 647 1188 708 ἀλλ’
1221 646 1287 709 atel

272 751 486 832 chrispinae
508 754 575 830 περὶ
597 761 648 830 τῆς
670 751 830 831 εὐμορφίας
853 753 942 830 αὐτῆς
970 753 1216 834 προσδεδεγμένος
1237 751 1288 815 τὸν

274 857 387 938 εγω

107 981 189 1064 Ipsa
213 980 371 1064 narratio,
400 980 452 1046 cui
482 980 621 1062 epistula
649 979 845 1063 interposita
873 988 932 1064 est,
961 988 996 1048 et
1024 1000 1073 1062 ea,
1103 1001 1187 1063 quae
1216 1002 1287 1065 prc-

108 1086 222 1154 fertur
254 1105 352 1152 causa
382 1104 441 1153 cur
463 1087 653 1154 Alexander
683 1093 761 1152 tunc
791 1086 979 1171 scripserit,
1012 1087 1094 1154 satis
1124 1107 1286 1170 superque

108 1195 256 1276 probant
272 1192 445 1274 epistulam
460 1210 525 1257 non
550 1210 622 1259 esse
646 1210 689 1257 ex
706 1192 918 1274 epistularum
935 1211 1072 1274 corpore
1087 1192 1240 1259 haustam
1248 1193 1285 1277 ¹).

110 1297 352 1383 Drcyseniusil
380 1303 490 1363 autem
512 1298 671 1382 aliiquess)
702 1297 768 1367 uiri
790 1297 887 1381 docti,
922 1297 1037 1379 quibus
1061 1298 1286 1385 Hausenius4)

111 1403 366 1486 Pridicusque⁵)
394 1421 459 1468 nou
487 1402 722 1483 assentiuntur,
753 1402 905 1470 dubitant
934 1404 975 1470 de
1004 1405 1165 1486 epistulae
1196 1404 1283 1474 veri-

110 1515 194 1577 tate.
240 1511 326 1576 Erat
349 1509 436 1576 euim
451 1510 648 1593 pervulgata
663 1509 789 1594 tamar)
805 1510 1028 1578 Alexandrum
1044 1510 1168 1580 vidisse
1185 1511 1287 1578 semel

109 1617 217 1683 Darei
239 1634 385 1684 uxerem.
429 1615 589 1697 nqudem
612 1615 686 1697 ipsa
703 1615 924 1696 discrepantia
949 1615 1110 1697 epistulae
1127 1635 1201 1682 cum
1223 1633 1287 1681 me·

113 1720 221 1788 muria
244 1723 398 1804 adducor,
430 1728 467 1787 ut
489 1721 660 1802 epistulam
684 1739 799 1789 ueram
830 1738 902 1786 esse
926 1722 1069 1788 credam.
1115 1721 1286 1788 Falsarius

115 1827 206 1894 enim
237 1845 280 1893 ne
308 1826 400 1894 fraus
428 1819 654 1911 detegeretur,
688 1826 759 1894 sine
788 1825 885 1892 dubie
917 1832 1034 1893 centra
1064 1826 1186 1894 famam
1216 1834 1286 1894 tam

110 1935 344 2019 pervulgatam
360 1952 425 2000 nen
442 1932 643 2016 scripsisset:
667 1936 717 2016 cap
740 1930 783 1996 du
804 1929 942 2012 ἑωρακὼς
964 1931 1000 1994 do
1024 1937 1184 2015 εὑρεθείην.
1209 1952 1285 1999 nam

110 2039 212 2108 facile
241 2039 440 2124 intelligitur
471 2040 625 2107 falsarios
653 2058 773 2123 eemm,
805 2058 889 2120 quae
919 2045 999 2107 nota
1025 2039 1285 2123 pervulgatique

112 2153 222 2227 erant,
253 2165 381 2229 semper
409 2146 591 2229 diligenter
621 2145 774 2213 haansse
803 2149 972 2214 rationem.
1024 2149 1098 2213 Huc
1126 2147 1287 2213 accedunt

110 2254 180 2320 alia
215 2259 421 2336 argumenta,
451 2253 568 2336 quibus
599 2253 761 2335 epistulae
789 2251 915 2320 ventas
947 2253 1132 2320 confirmari
1160 2259 1284 2336 petest:

109 2378 219 2440 neque
248 2359 332 2426 enirn
356 2360 566 2425 Ptolemaeus
594 2377 701 2440 neque
731 2357 948 2442 Aristobulus,
981 2358 1097 2440 quibus
1121 2359 1285 2426 Arrianus

109 2465 284 2550 inprimis
313 2465 409 2531 fidem
437 2468 546 2545 habet,
580 2465 793 2532 tradiderunt
815 2465 1040 2533 Alexandrum
1069 2466 1195 2533 vidIsse
1219 2467 1285 2532 Da-

109 2572 159 2639 rei
193 2590 344 2638 uxerem:
384 2590 460 2637 nam
483 2571 646 2638 Arrianus
685 2572 749 2658 (H,
782 2569 858 2652 lat
896 2573 957 2656 sq.)
989 2570 1083 2637 dicit:
1114 2581 1208 2633 cama
1231 2569 1285 2649 pis

110 2679 300 2755 Πτολεμαῖος
333 2679 383 2738 καὶ
413 2677 635 2758 Ἀριστόβουλος
667 2681 790 2760 λίγοοσι·
826 2677 909 2757 λόγος
949 2675 981 2739 δὲ
1013 2673 1071 2759 ’ἔχει
1106 2681 1155 2738 καὶ
1191 2675 1285 2739 αὐτὸν

107 2781 295 2856 Ἀλέξανδρον
316 2792 351 2862 τῇ
378 2787 519 2866 ὑστεραίᾳ
543 2787 706 2865 παρελθεῖν
733 2784 802 2846 εἴσω
829 2781 878 2856 ξὺν
898 2786 1093 2863 Ἡφαιστίωνι
1127 2781 1206 2862 μόνῳ
1229 2793 1284 2846 τῶν

110 2893 241 2971 scalpus.
300 2891 389 2971 qued
417 2889 467 2957 illi
501 2909 567 2957 uon
595 2896 670 2957 erat
704 2908 763 2956 cur
797 2890 1117 2973 praetermitterent,
1152 2890 1179 2956 si
1212 2908 1283 2956 eam

202 3100 223 3168 ¹)
241 3100 353 3154 Hauseu
370 3099 430 3154 ibid.
450 3117 475 3169 p.
495 3100 556 3169 297,
575 3101 652 3168 cujum
677 3101 808 3155 seutentIa
825 3099 927 3153 Pridicc
946 3099 1020 3169 (ibid.
1040 3116 1065 3168 p.
1085 3099 1129 3170 73)
1150 3101 1283 3170 probatur,

113 3189 189 3257 putat
206 3187 379 3242 Plutarchum
408 3204 448 3257 ea,
467 3204 535 3257 quas
563 3189 596 3242 ad
615 3189 726 3243 verbum
745 3188 882 3258 expressit,
913 3203 947 3242 ex
978 3187 1149 3258 epistularum
1177 3205 1284 3258 corpora

112 3277 314 3346 deprumpsisse.
351 3276 404 3330 Sed
422 3277 500 3330 unius
519 3276 648 3345 epistulae
666 3276 778 3330 alteram
796 3279 899 3344 partem
918 3292 952 3331 ex
978 3275 1148 3344 epistularum
1168 3293 1283 3346 corpore,

111 3364 222 3418 alteram
242 3379 277 3418 ex
295 3363 346 3418 alio
364 3365 436 3418 fonte
455 3364 578 3419 haustam
597 3379 656 3419 esse
674 3364 798 3418 credibile
817 3367 937 3420 nonest.

201 3470 222 3539 ¹)
241 3469 319 3524 Alex.
339 3471 393 3536 (ed.
411 3469 482 3526 Berl.
505 3470 589 3537 18an
608 3485 634 3538 p.
654 3471 706 3525 17⁴2
725 3471 784 3524 adn.
804 3471 848 3524 23.
867 3473 894 3524 et
913 3469 989 3525 Alex.
1009 3469 1199 3538 (Gotha18‘l‘l)
1217 3470 1239 3532 Ι,
1258 3486 1284 3539 p.

115 3559 168 3616 266
185 3559 246 3612 adn.
267 3561 291 3613 1.

204 3646 270 3716 ἢν.
288 3645 387 3717 Ranlre,
406 3646 569 3716 Waltgeseh.
589 3647 639 3715 III,
668 3647 693 3716 2,
712 3664 738 3717 p.
757 3649 799 3706 73.
832 3650 859 3701 et
876 3647 980 3714 Kaerst,
1009 3645 1283 3716 penultinam,

114 3734 158 3802 qui
175 3737 251 3804 putat
277 3750 369 3789 omnes
397 3735 531 3805 epistulas,
564 3751 630 3805 quas
648 3735 806 3790 Plutarchus
836 3735 882 3788 rit.
907 3734 984 3790 Alex.
1013 3733 1099 3788 XXII
1125 3733 1222 3802 attulit,
1251 3736 1284 3788 ad

114 3821 257 3876 Alexandri
274 3823 477 3890 temperantiam
494 3822 677 3876 illustrandam
696 3824 770 3878 fictas
788 3839 855 3877 esse.

200 3911 223 3978 ⁴)
241 3909 369 3980 Philolog.
388 3911 515 3966 XXXIX
532 3929 558 3981 p.
577 3912 630 3969 295
649 3928 688 3980 sq.

201 3999 222 4068 ⁶)
241 3999 343 4054 Ibidem
360 4017 387 4069 p.
406 4001 441 4057 73
460 4015 517 4070 sqq.

204 4085 284 4156 tuf.
303 4088 406 4145 Arriam
425 4089 459 4157 H,
480 4090 522 4158 12,
542 4090 575 4156 63
593 4089 689 4143 Justin.
708 4091 757 4157 XI,
777 4087 802 4155 9.1
824 4088 856 4142 13
875 4103 919 4157 sq,
947 4088 1019 4143 Cart.
1038 4086 1089 4156 III,
1113 4086 1177 4155 XII,
1202 4087 1236 4141 31
1257 4089 1285 4140 et

118 4171 162 4242 IV,
179 4173 215 4243 X,
233 4175 282 4240 413
300 4175 376 4232 Dind.
394 4175 485 4245 XVII,
505 4178 547 4233 37.
