3016 4612
655 136 695 203 17

84 333 186 398 archo
201 331 285 399 falso
294 331 473 416 judicares,
490 332 546 416 qui
559 331 632 417 (vit.
646 331 716 398 Nic.
730 331 841 418 XIX.)
854 350 925 398 eam
936 331 1129 400 brevissime
1141 339 1175 400 et
1191 334 1259 402 suis

84 438 201 508 verbis
232 438 390 520 exposuit,
431 437 495 504 etsi
528 439 614 519 apud
649 437 875 520 Thucydidem
899 437 988 522 (VII,
1029 436 1069 503 11
1094 439 1179 526 sqq.)
1209 439 1258 505 ita

84 545 205 627 fertur,
229 550 266 610 ut
288 543 391 626 ipsius
413 543 529 610 Niciae
552 546 662 612 verbis
680 542 828 626 exposita
845 561 918 610 esse
934 543 1097 612 videatur.
1144 545 1258 627 Neque

84 670 164 718 vero
191 668 233 715 ex
257 669 294 717 eo
308 651 598 733 quodPlutarchus
614 663 846 733 nonnunquam
864 655 897 715 et
912 648 1075 716 Arrianus
1099 652 1257 733 epistulas

84 757 245 840 quasdam
279 755 427 839 integras
458 762 515 822 aut
550 765 661 838 partes
696 755 909 836 epistularum
945 755 992 822 sic
1015 763 1190 838 exponunt,
1221 761 1259 822 ut

82 861 269 930 Alexandri
291 863 396 930 verba
420 880 493 930 esse
515 867 621 944 putes,
642 861 752 943 colligi
776 863 873 928 dehet
897 879 936 927 ea
949 859 1052 942 ipsius
1076 860 1261 928 Alexandri

83 970 283 1036 verhaesse:
296 966 457 1034 Arrianus
470 967 1259 1048 enimnonnnnqnametOurtinsetiamorationes

84 1072 268 1140 Alexandri
279 1075 325 1140 sic
349 1080 526 1157 exponunt,
551 1071 688 1160 ut1ipsis
704 1073 816 1140 verbis
832 1073 1013 1140 Alexandri
1028 1071 1173 1139 traditae
1187 1090 1259 1138 essa

85 1179 271 1263 videantur,
292 1181 387 1263 quod,
406 1183 443 1245 ut
459 1178 588 1266 supra1)
602 1178 680 1262 dixi,
702 1178 775 1245 fieri
799 1198 864 1245 non
890 1182 1028 1260 potarat.
1063 1176 1149 1244 Item
1166 1178 1258 1244 Plut

84 1286 235 1370 archusr)
248 1285 321 1371 (vit.
338 1285 433 1351 Alex.
447 1284 575 1369 XXX),
588 1285 751 1352 Arrianus
758 1281 839 1372 ιιι,
853 1282 930 1367 203
946 1285 1017 1368 so),
1036 1282 1165 1351 curtius
1183 1283 1256 1367 (IV,

84 1393 125 1474 X,
138 1391 197 1480 42)
203 1391 312 1474 ipsum
320 1391 465 1459 Dareum
480 1409 553 1458 cum
566 1393 710 1473 spadone
721 1391 906 1472 loquentem
918 1389 1257 1474 faciunt‚quamquam

82 1498 154 1580 ipsa
177 1497 284 1565 Darei
308 1499 411 1565 verba
422 1497 600 1564 memoriae
612 1495 707 1578 prodi
728 1514 793 1561 non
817 1501 990 1578 poterant:
1014 1495 1149 1562 remotis
1172 1494 1257 1560 euim

84 1604 222 1670 arbitris
244 1604 373 1670 locutus
396 1609 456 1670 est.
503 1603 555 1668 llx
571 1601 678 1668 (lurtii
698 1620 826 1684 quoque
843 1601 955 1668 verbis
977 1602 1037 1685 IV,
1060 1602 1089 1681 Ι,
1115 1601 1149 1665 2:
1171 1601 1257 1666 ‘Alc-

82 1712 207 1776 aaudcr
230 1713 266 1774 ιιι
289 1712 372 1776 harro
394 1713 532 1774 monimo
554 1711 682 1774 modam
705 1710 879 1789 rescripsit
902 1725 967 1773 non
984 1711 1094 1788 potest
1109 1705 1258 1772 concludi

84 1835 144 1899 quo
168 1816 267 1882 modo
292 1814 433 1897 epistula
456 1813 582 1880 tradita
606 1813 724 1881 fuerit:
749 1814 832 1880 haec
856 1814 941 1880 enim
964 1813 1067 1878 verba
1084 1817 1192 1878 utrum
1217 1812 1257 1876 de

83 1921 189 1988 Curtii
215 1920 344 1987 ratione
369 1919 528 2002 epistulae
545 1921 757 2003 exponendae
774 1939 817 1986 an
841 1920 881 1985 de
897 1917 1025 1984 ratione
1041 1917 1137 1999 illius,
1163 1935 1256 2000 quem

83 2027 245 2110 sequitur,
281 2027 425 2114 auctoris
450 2025 668 2108 intelligenda
698 2025 774 2108 sint,
799 2044 914 2107 parum
937 2023 1049 2108 liquet.
1093 2027 1142 2088 Ac
1165 2022 1194 2088 si
1217 2023 1256 2088 de
1332 2026 1335 2031 ’

85 2133 191 2200 Curtii
217 2132 345 2209 ratione
368 2131 585 2212 intelligenda
607 2138 693 2213 sunt,
718 2130 905 2212 significant
939 2129 1112 2212 epistulam
1137 2147 1157 2194 a
1180 2129 1257 2194 Gur-

84 2235 127 2304 tio
150 2259 220 2305 non
244 2255 316 2304 esse
340 2239 382 2304 ud
413 2239 549 2304 verbum
574 2255 771 2320 expressam,
803 2236 854 2302 sin
883 2241 992 2303 autem
1022 2235 1066 2302 ad
1095 2234 1256 2300 rationem

87 2345 206 2410 Graeci
231 2343 398 2426 scriptoris
428 2351 590 2426 spectant,
623 2349 681 2409 ant
715 2343 744 2408 si
773 2344 855 2408 haec
882 2343 986 2408 verba
1009 2340 1138 2407 Curtius
1169 2342 1256 2421 apud

86 2451 287 2533 scriptorem,
312 2449 579 2533 qnemsequitur,
604 2447 694 2530 legit,
718 2453 812 2530 patet
824 2446 998 2532 epistulam
1014 2465 1079 2512 non
1090 2445 1170 2528 ipsis
1181 2464 1256 2513 var-

86 2556 133 2622 his
159 2555 348 2640 Alexandri
375 2555 530 2621 traditam
563 2572 644 2621 esse.
691 2552 864 2622 Plutarchi
893 2570 1020 2636 quoque
1050 2553 1153 2618 verba
1183 2550 1255 2636 (vit.

86 2664 177 2729 Alex.
202 2662 349 2746 XLVII)
379 2670 471 2722 ταῦτα
500 2657 602 2742 σχεδὸν
633 2661 731 2729 αὐτοῖς
767 2657 965 2735 ὀνόμασιν-
978 2694 1023 2705 -
1037 2693 1083 2704 —-
1097 2661 1256 2736 γέγραπται

87 2767 272 2850 significant
296 2766 425 2851 quidem
448 2765 660 2832 Plutarchum
685 2767 887 2832 adverbum
911 2763 982 2830 fare
1003 2761 1178 2845 epistulam
1202 2779 1255 2826 ex:

87 2875 259 2955 pressisse,
291 2874 350 2940 sed
373 2873 456 2938 haec
479 2873 704 2948 Alexandrina
727 2873 832 2939 verba
854 2869 979 2937 fuerint
1010 2889 1052 2936 an
1076 2868 1254 2950 scriptoris,

88 3000 179 3060 quem
204 2980 402 3048 Plutarchus
433 2980 591 3061 sequitur,
626 2996 741 3060 parum
770 2978 884 3058 liquat.
930 2977 995 3043 Sed
1017 2976 1100 3042 haec
1123 2990 1256 3056 prorsus

89 3088 226 3152 obscura
250 3093 325 3152 sunt
348 3085 616 3169 argumentisque
640 3086 774 3166 probari
798 3102 863 3150 non
879 3087 1031 3164 possunt3
1054 3087 1165 3146 tamen
1182 3099 1255 3145 con-

86 3192 262 3274 jiciendum
286 3209 358 3258 esse
382 3199 461 3273 puto
486 3191 644 3272 epistulas
673 3190 828 3272 publicas,
853 3187 1029 3272 praecipue
1058 3186 1142 3268 illas,
1173 3204 1256 3266 quae

90 3299 126 3364 de
151 3292 296 3380 'puohcis
326 3296 438 3378 magni
472 3296 628 3363 momenti
663 3294 807 3380 negotiis
846 3297 991 3376 scriptae
1021 3297 1126 3375 eraut,
1165 3291 1256 3358 velut

89 3401 269 3470 Alexandri
291 3405 333 3468 ad
349 3404 493 3469 Dareum
517 3402 666 3484 epistula,
691 3401 772 3484 ipsis
792 3400 986 3482 scriptorum
1011 3417 1122 3465 aarum
1144 3395 1255 3465 vorbis

90 3511 227 3576 traditas
253 3528 337 3576 esse:
362 3507 444 3576 alias
467 3509 523 3576 vel
545 3508 726 3576 familiares
749 3507 804 3573 vel
836 3508 876 3573 do
904 3504 1043 3587 publicis
1073 3503 1167 3585 parvi
1190 3521 1256 3569 mo-

91 3615 188 3682 menti
210 3615 353 3697 negotiis
383 3614 523 3696 scriptas
554 3613 710 3696 epistulas
734 3632 854 3696 magna
889 3630 930 3678 ex
952 3618 1047 3692 parte
1081 3627 1145 3675 non
1175 3607 1255 3689 ipsis

94 3721 284 3802 scriptorum
309 3738 421 3787 earum
444 3722 556 3788 verbis
573 3737 747 3801 expressas
764 3735 835 3784 esse
851 3717 1012 3783 existimo.
1059 3716 1123 3783 Sed
1139 3713 1167 3780 si
1183 3713 1255 3793 quis

92 3827 184 3892 etiam
208 3825 242 3891 in
265 3825 317 3891 his
341 3823 490 3907 epistulis
514 3822 689 3890 afferendis
713 3824 787 3907 ipsa
803 3828 981 3890 auctorum
1014 3838 1126 3888 earum
1150 3820 1254 3886 verba

178 4071 186 4101 l

97 4129 99 4136 ⁴
178 4071 332 4228 'mia
352 4159 398 4213 vn.
412 4159 496 4213 ιιοιι.
509 4158 585 4228 xiv,
605 4161 634 4222 7;
653 4159 699 4212 va.
715 4157 812 4213 cuum.
828 4159 917 4225 xxm,
937 4157 967 4224 e;
985 4156 1030 4208 vro.
1044 4153 1120 4208 arua
1133 4153 1210 4216 xm,
1230 4154 1255 4205 4.

1078 4243 1095 4294 a
