3016 4612
642 145 682 210 13

69 339 266 408 nicavisset
327 338 450 406 Omitto
489 338 591 407 Darei
630 338 787 420 epistulas
825 340 869 405 ad
905 337 1089 404 Alexandri
1127 337 1248 405 milites

72 445 226 513 Graecos
262 445 375 528 datas,
416 464 495 526 quas
530 445 733 527 interceptas
768 442 937 525 quominus
966 444 1154 510 Alexander
1187 461 1247 528 pro

73 551 235 619 concione
259 551 417 618 recitaret
441 551 602 618 deterruit
624 553 799 618 Parmenio
832 550 935 634 (Ourt.
959 551 1023 633 IV,
1055 549 1103 629 X,
1134 548 1192 634 40)
1216 554 1250 615 11

72 658 307 724 Parmenionis
323 659 366 725 11
381 657 547 724 Philotam
563 655 825 738 Nicanoremque
844 655 927 722 filios
944 655 1128 740 epistulam,
1153 673 1249 736 qnam

73 765 298 848 interceptam
321 765 511 830 Alexander
535 783 594 848 pro
618 764 774 830 concione
796 761 951 829 recitavit
974 762 1077 849 (Ourt.
1101 762 1163 844 Vl,
1187 760 1248 844 lX,

76 871 153 956 34),
191 871 250 938 sed
275 869 407 944 afferam
432 869 584 953 Arriani,
619 870 675 936 vel
705 869 813 954 potius
843 868 1031 953 scriptoris,
1068 887 1161 948 quem
1194 867 1250 934 ille

76 979 246 1057 sequitur,
278 978 382 1045 verba
413 978 453 1042 de
477 975 660 1043 Alexandri
689 976 733 1041 ad
761 983 900 1040 matrem
931 973 1089 1058 epistula,
1122 973 1157 1039 11
1186 992 1251 1054 qua

76 1083 132 1148 bic
174 1081 278 1167 primo
320 1085 499 1166 scripserat
546 1101 581 1148 se
627 1081 811 1166 repperisse
842 1080 907 1148 Nili
942 1080 1069 1163 fontes,
1119 1080 1251 1146 interim

78 1206 194 1256 errore
219 1188 348 1270 cognito
373 1207 456 1270 quae
479 1189 521 1254 de
539 1187 614 1254 Nilo
638 1190 818 1271 scripserat
841 1185 1001 1270 expunxit
1024 1185 1113 1272 (Arr.
1136 1186 1194 1264 Vl,
1219 1184 1249 1261 1,

80 1293 115 1379 5)
138 1302 296 1372 manutium
319 1295 350 1356 dd
372 1303 423 1371 τῆς
447 1296 597 1373 ἐπιστολῆς
618 1304 667 1372 τῆς
690 1292 764 1373 πρὸς
785 1292 836 1372 τὴν
862 1297 973 1372 μητέρα
999 1289 1084 1354 nomo
1111 1288 1145 1353 11
1176 1292 1252 1370 ἀμφὶ

78 1397 120 1478 τῷ
140 1402 240 1477 Νείλῳ
263 1401 374 1482 γραφὲν
385 1400 411 1486 ¹)
435 1401 561 1478 ἀφελεῖν.
607 1399 697 1483 Quae
721 1399 849 1480 quidem
874 1417 947 1464 oum
970 1417 1031 1466 net)
1054 1400 1094 1465 de
1122 1396 1253 1464 subdita

80 1505 227 1589 epistula
261 1505 327 1572 1111
359 1513 509 1590 possent,
549 1524 655 1587 neque
690 1524 791 1572 cansa
826 1510 913 1572 esset
948 1523 1006 1571 cur
1041 1507 1082 1571 ab
1118 1501 1253 1569 Arriani

80 1612 452 1693 11111111111111111,
478 1613 704 1679 demonstrant
727 1629 799 1678 eum
823 1609 995 1694 epistulam
1012 1609 1132 1696 legisse
1148 1609 1253 1693 prius-

81 1735 181 1798 quam
215 1717 403 1783 Alexander
439 1735 509 1783 eam
546 1719 588 1782 11
627 1722 764 1783 111111
801 1715 965 1798 11111111,
1005 1722 1064 1781 111
1101 1719 1143 1781 ab
1181 1715 1253 1798 ipso

80 1824 273 1890 Alexandro
308 1826 369 1889 boc
404 1822 579 1890 audivisse.
640 1823 733 1890 Haec
767 1824 808 1889 de
842 1820 1057 1888 familiaribus
1092 1820 1252 1905 epistulis.

81 1929 255 2013 Epistulas
279 1935 399 2012 autem,
425 1947 507 2010 quae
531 1943 627 1994 erant
651 1930 691 1996 11
713 1928 852 2012 publicis
868 1929 967 1992 rebus
988 1933 1086 2007 atque
1102 1925 1252 2009 negotiis,

81 2037 311 2102 Alexandrum
339 2055 398 2118 pro
429 2035 585 2101 mucione
609 2036 782 2108 recitasse,
812 2035 899 2115 quod
920 2052 982 2118 par
1006 2040 1088 2117 erat,
1113 2038 1252 2099 constat.

81 2141 249 2207 Diodorus
281 2139 408 2226 (XVII,
439 2139 496 2223 39,
525 2139 562 2226 2)
591 2142 676 2206 1111
705 2141 746 2207 11
776 2141 917 2224 epistula
940 2141 1042 2207 Darei
1066 2139 1254 2206 Alexandro

81 2245 216 2313 reddita
247 2247 343 2313 dicit:
379 2248 395 2309 ὁ
424 2249 455 2309 di
482 2248 670 2329 Ἀλέξανδρος
701 2244 865 2328 συναγαγὼν
893 2244 960 2318 τοὺς
990 2248 1099 2326 φίλους,
1127 2247 1176 2305 καὶ
1206 2241 1256 2322 τὴν

83 2355 136 2430 μὲν
160 2349 300 2430 ἀληθινὴν
324 2351 475 2431 ἐπιστολὴν
499 2350 761 2432 ἀποκρυψάμενος,
793 2356 892 2432 ἑτέραν
915 2353 946 2413 dd
969 2349 1090 2432 γράψας
1111 2353 1257 2428 ῥέπουσαν

84 2458 160 2539 πρὸς
180 2457 214 2521 τὸ
239 2464 331 2536 ἑαυτῷ
351 2464 512 2538 συμφέρον,
542 2456 718 2540 προσήνεγκε
747 2470 805 2528 τοῖς
830 2462 985 2537 συνέδροις.
1039 2457 1106 2522 Sed
1130 2455 1158 2522 si
1180 2454 1256 2520 huic

84 2565 270 2632 narrationi
292 2564 376 2630 fides
399 2583 464 2631 111
488 2575 540 2632 111
562 2566 722 2648 habenda,
747 2582 943 2645 quamquam
967 2562 1022 2643 qui
1047 2561 1130 2628 talia
1152 2558 1257 2627 tradit

84 2669 252 2751 significat
274 2671 496 2738 Alexandrum
526 2669 677 2738 debuisse
706 2669 886 2752 hujusmodi
915 2667 1075 2752 epistulas
1099 2685 1157 2750 pro
1183 2684 1257 2731 con-

86 2777 179 2842 11111
207 2775 363 2855 recitare,
396 2795 461 2842 111
488 2776 585 2844 video
614 2785 723 2842 tamen
753 2794 812 2841 cur
843 2776 988 2841 dubitem
1017 2774 1057 2839 de
1085 2771 1259 2840 Plutarchi

84 2882 159 2968 (vii.
184 2882 278 2950 Alex.
304 2881 433 2968 XXIX)
456 2882 583 2951 verbis:
614 2886 740 2962 Δαρείου
762 2883 791 2942 δὲ
816 2886 988 2960 πέμψαντος
1011 2877 1163 2958 ἐπιστολὴν
1185 2875 1259 2957 πρὸς

85 2985 176 3050 αὐτὸν
208 2991 257 3048 καὶ
288 2993 388 3067 φίλους
416 3028 460 3038 -
489 3025 535 3034 -
564 3025 610 3034 -
637 2981 785 3050 'enervatae
815 2999 875 3058 acic
909 2989 1040 3066 ἑταίροις,
1069 3003 1153 3066 quae
1184 3003 1259 3050 ccu-

85 3095 262 3160 firmantur
284 3092 419 3161 Arriani
442 3093 499 3179 (ll,
524 3091 577 3173 25,
602 3091 635 3182 2)
659 3093 786 3161 verbis:
825 3092 1003 3154 καὶτούτων
1026 3095 1055 3152 ἐν
1077 3100 1118 3167 τῷ
1136 3089 1259 3171 ξυλλόγῳ

84 3211 142 3263 τῶν
165 3204 287 3280 ἑταίρων
311 3201 566 3281 ἀπαγγελθέντων,
598 3200 661 3266 1111
685 3200 847 3264 Arrianus
876 3197 1035 3280 epistulae
1063 3195 1259 3262 mentionem

87 3325 155 3371 non
178 3305 267 3372 iecit.
302 3308 401 3372 'Peste
417 3304 440 3370 J
442 3304 549 3374 ustiuo
574 3303 664 3391 (XII,
682 3303 712 3386 3,
739 3303 773 3388 1)
790 3322 863 3370 111
876 3303 1054 3386 Antipater
1068 3302 1257 3369 Alexandro

87 3431 148 3496 per
187 3411 358 3495 epistulam
399 3411 585 3478 nuntiasset
622 3411 843 3477 Alexandrum
879 3410 1051 3494 Epirotam
1091 3407 1125 3474 in
1159 3407 1260 3474 Italia

87 3517 230 3584 occisum
254 3535 342 3596 esse,
373 3517 561 3584 Alexander
585 3517 691 3583 triduo
715 3516 840 3582 luctum
863 3512 1025 3581 exercitui
1048 3533 1107 3581 suo
1130 3511 1258 3596 indixit,

88 3624 175 3705 quod
199 3631 291 3690 certe
313 3624 387 3690 fieri
409 3642 474 3690 non
497 3630 638 3707 poterat,
663 3622 727 3688 nisi
750 3621 955 3689 enuntiasset
974 3620 1053 3702 quid
1068 3621 1101 3686 in
1118 3618 1261 3704 epistula

86 3728 248 3814 scriptum
286 3735 381 3796 esset.
439 3729 571 3796 Curtius
610 3728 686 3815 (VI,
725 3729 788 3811 VI,
826 3727 881 3815 20)
921 3728 1003 3793 dicit
1036 3725 1261 3792 Alexandrum

88 3836 235 3915 litterae,
275 3851 356 3914 quas
389 3837 424 3900 in
458 3836 625 3919 Europam
662 3833 810 3900 mitteret
844 3833 968 3899 veteris
1003 3829 1094 3896 anuli
1132 3848 1261 3913 gemma

90 3941 295 4025 obsignasse,
327 3941 383 4024 iis,
416 3960 497 4022 quas
520 3941 554 4007 11
577 3940 689 4006 Asiam
714 3939 890 4021 scriberet,
923 3936 1025 4004 Darei
1047 3936 1179 4002 anulum
1203 3937 1261 4000 11-

161 4174 183 4242 1)
200 4172 257 4226 alii:
277 4169 362 4238 τοῦτο,
383 4164 398 4222 ὃ
416 4168 486 4238 ἀμφὶ
503 4169 540 4235 τῷ
558 4167 644 4234 Νείλῳ
663 4167 783 4239 ἔγραφον.
