3016 4612
814 159 834 226 2

239 355 406 436 firmisque
428 357 632 439 argumentis
655 374 759 437 pauca
784 354 970 422 confirmari
994 373 1088 436 posse
1111 355 1276 420 confiteor.
1324 352 1411 436 Quid

241 461 326 527 enirn
351 460 435 526 certi
459 461 523 527 dici
545 468 654 542 potest
679 463 719 527 de
742 481 808 527 una
823 481 905 529 voce
929 460 1054 526 tradita
1069 465 1129 526 aut
1145 461 1184 527 de
1206 459 1411 527 brevissimis

240 567 404 648 excerptis
435 565 631 649 praesertim
654 585 718 632 non
742 568 784 632 ad
813 569 949 634 verbum
978 563 1115 631 allatis?
1161 564 1300 631 Accedit
1323 565 1412 644 quod

238 671 450 754 epistularum
475 669 547 738 fons
570 691 634 738 non
658 672 764 738 estin
788 672 968 755 propatulo,
993 672 1078 736 unde
1095 677 1169 737 orta
1186 676 1237 736 est
1261 670 1411 750 quaestio

239 766 443 861 gravissima,
469 798 563 858 quam
588 778 645 843 alii
667 778 733 847 viri
758 779 848 844 docti
871 797 913 844 ne
936 779 1038 845 verbo
1064 777 1193 857 quidem
1217 776 1410 860 attigerunt,

238 883 297 950 alii
321 884 520 967 conjecturis
544 883 616 967 plus
640 883 746 949 minus
769 883 905 954 incertis
929 884 1059 950 solvere
1083 882 1192 948 conati
1215 888 1301 948 sunt.

327 989 513 1072 Stahrius1)
551 989 638 1054 enim
669 992 710 1057 de
739 990 927 1056 Aristotelis
956 988 1106 1072 epistulis
1138 987 1305 1069 disputans
1335 987 1410 1053 illas

239 1098 352 1162 eodem
370 1097 464 1162 modo
478 1098 668 1163 conservari
684 1104 784 1177 atque
797 1098 929 1177 vulgari
939 1095 1086 1176 potuisse
1098 1101 1201 1178 putat,
1219 1112 1282 1174 quo
1295 1106 1410 1159 nostra

238 1208 349 1268 aetate
366 1201 465 1268 etiarn
482 1209 627 1267 secretas
640 1201 799 1283 epistulas
811 1202 846 1267 in
861 1202 968 1267 lucem
983 1200 1118 1268 emissas
1135 1219 1206 1266 esse
1221 1199 1411 1277 videamus;

239 1327 346 1388 neque
370 1307 504 1372 dubium
528 1325 601 1373 esse
618 1307 694 1387 quin
712 1307 799 1372 illius
817 1306 976 1387 epistulae
1001 1306 1108 1388 abiis,
1135 1303 1189 1385 qui
1213 1305 1409 1386 acceperint,

241 1419 455 1480 conservatae
473 1411 548 1494 sint,
561 1411 696 1493 ipseque
709 1411 906 1478 Aristoteles
923 1413 1138 1493 epistularum
1154 1411 1312 1492 exempla,
1326 1428 1411 1490 quae

239 1519 431 1601 apographa
455 1524 586 1598 vocant,
616 1517 808 1600 condiderit,
818 1517 846 1602 2)
875 1519 910 1582 id
926 1518 1010 1596 quod
1028 1517 1124 1582 etiam
1142 1515 1321 1599 Brandisss)
1342 1517 1411 1598 J'am

239 1623 416 1706 conjecisse
433 1622 573 1692 videtur.
611 1623 834 1708 Onckenius4)
860 1622 990 1706 conjicit
1014 1623 1225 1689 Plutarchum
1251 1621 1410 1703 epistulas

239 1731 421 1797 Alexandri
445 1730 479 1795 in
503 1729 763 1812 ephemeridibus
793 1717 923 1824 legisse.
970 1732 1067 1796 Hunc
1090 1730 1209 1809 probat
1233 1730 1409 1811 Hansen5),

240 1839 295 1918 qui
326 1836 527 1902 Clitarchum
558 1856 685 1918 quoque
717 1835 757 1902 iis
776 1831 880 1902 usum
913 1855 983 1902 esse
1007 1841 1112 1916 putat.
1159 1835 1251 1898 Idem
1276 1833 1412 1916 conjicit

240 1944 388 2026 exempla
421 1943 633 2025 epistularum
657 1943 837 2008 Alexandri
862 1943 993 2007 condita
1017 1959 1089 2006 esse
1113 1940 1147 2006 in
1170 1939 1342 2020 tabulario,
1369 1942 1411 2006 de

240 2068 301 2128 quo
330 2049 411 2115 nihil
441 2050 600 2114 traditum
631 2066 703 2113 esse
734 2051 804 2129 ipse
836 2050 994 2112 concedit.
1042 2046 1166 2111 Chares
1198 2055 1304 2112 autem
1333 2068 1411 2114 num

239 2153 421 2219 Alexandri
451 2154 607 2234 epistulas
639 2155 815 2218 memoriae
837 2152 1025 2218 tradiderit
1061 2158 1235 2233 propterea
1270 2153 1408 2236 dubitat,

241 2261 325 2338 quod
337 2259 535 2325 Plutarchus
551 2260 609 2328 vit.
642 2259 735 2324 Alex.
753 2259 820 2325 XX
837 2278 909 2324 eum
925 2259 1107 2325 Alexandri
1119 2259 1258 2340 epistula
1270 2260 1412 2326 refellat.

241 2363 361 2450 idemfl)
385 2362 468 2429 dicit
490 2367 704 2432 Plutarchum
729 2372 762 2430 et
778 2363 978 2446 Hesychium
996 2373 1029 2429 et
1047 2365 1254 2430 Athenaeum
1279 2361 1414 2447 corpore

331 2506 352 2572 1)
372 2505 459 2573 Slahr,
479 2503 638 2571 Aristotelia,
657 2504 735 2558 Halle
755 2505 1022 2575 1830-1832,1‚p.
1043 2507 1093 2560 192
1113 2520 1152 2574 sq.

330 2593 351 2663 ²)
370 2595 443 2648 Haec
462 2593 558 2646 Stahrii
577 2593 728 2661 conjectura
746 2610 798 2647 non
818 2596 911 2661 potest,
931 2593 1028 2661 opinor,
1047 2592 1182 2646 Plutarchi
1202 2595 1258 2662 (vlt.
1278 2595 1355 2649 llum.
1374 2595 1411 2662 Π)
1440 2619 1446 2630 ·

243 2682 390 2736 narratione
409 2683 464 2734 niti:
487 2681 532 2734 illa
550 2682 621 2734 enim
639 2677 790 2750 γράμματα,
809 2698 919 2749 qnorum
940 2679 1089 2751 ἀντίγραφα
1107 2681 1157 2734 sibi
1174 2682 1243 2734 mitti
1263 2681 1414 2736 Alexander

239 2769 325 2839 jussit,
344 2773 419 2823 erant
432 2772 544 2824 aulacia
558 2769 686 2836 quaedam
700 2769 803 2836 publica
821 2771 868 2822 aut
881 2769 1008 2837 epistulae
1023 2771 1055 2822 de
1074 2771 1153 2823 rebus
1167 2771 1277 2839 publicis
1291 2771 1412 2839 scriptae,

240 2859 332 2928 quales
350 2857 505 2912 Aristoteles
528 2873 615 2925 neque
638 2857 670 2909 ad
688 2855 839 2926 Philippum
863 2873 949 2926 neque
968 2858 1000 2910 ad
1019 2858 1203 2912 Alexandrum
1222 2863 1267 2912 aut
1285 2861 1318 2912 ad
1336 2860 1412 2912 Anti-

240 2950 345 3016 patrum
364 2946 500 3016 scripsisse
524 2947 628 2999 videtur
653 2948 780 3012 quantum
805 2961 840 2998 ex
864 2945 896 2998 iis
919 2946 1029 3014 intelligi
1048 2947 1117 3010 licet,
1142 2965 1210 3016 quae
1234 2950 1266 3002 de
1292 2948 1412 3017 epistulis

242 3037 299 3104 ejus
318 3037 465 3106 traduntur,
484 3037 516 3089 de
535 3051 646 3103 quarum
666 3033 828 3101 argumentis
847 3035 880 3088 cf.
900 3034 978 3088 Siahr
1000 3035 1061 3090 ibid.
1080 3037 1094 3089 Ι
1112 3053 1137 3104 p.
1158 3037 1207 3090 197
1234 3053 1290 3104 sqq.
1309 3036 1411 3104 Hujus-

241 3125 311 3177 modi
329 3123 457 3192 epistulae
476 3123 597 3192 quoniam
621 3140 674 3176 non
693 3125 756 3176 sunt
775 3123 801 3175 in
820 3139 851 3176 eo
870 3140 974 3192 genere,
998 3124 1025 3176 in
1049 3141 1099 3192 quo
1119 3125 1250 3179 Ciceronis
1273 3125 1410 3192 epistulae,

242 3228 308 3279 quae
327 3215 408 3272 erant,
428 3215 458 3265 ut
470 3213 498 3265 C.
510 3211 620 3280 Nepotis
640 3212 696 3273 (vit.
710 3213 767 3268 Att.
780 3211 857 3278 XVI,
878 3212 904 3279 3)
926 3212 1011 3266 verbis
1030 3215 1104 3283 utar,
1131 3213 1205 3280 quasi
1222 3211 1332 3266 historia
1350 3229 1411 3266 con-

241 3301 316 3353 texta
332 3298 435 3352 illorum
455 3302 611 3367 temporum,
630 3301 702 3352 certe
720 3316 754 3352 ne
773 3315 808 3352 ex
821 3298 952 3352 Ciceronis
971 3301 1078 3367 quidem
1093 3300 1180 3354 verbis
1199 3300 1285 3368 (epist.
1299 3302 1339 3355 ad.
1356 3305 1410 3360 Att.

242 3386 316 3451 XVI,
335 3387 389 3454 qo)
416 3386 607 3454 conjiciendum
633 3389 674 3439 est
696 3385 867 3440 Aristotelem
892 3386 1018 3454 epistulas
1045 3402 1106 3440 suas
1125 3386 1261 3455 collegisse
1283 3393 1330 3442 aut
1347 3407 1410 3458 apo-

241 3475 342 3544 grapha
360 3490 450 3528 earum
469 3473 623 3542 condidisse,
650 3491 725 3542 quae,
749 3474 894 3528 utitinam
914 3475 950 3526 ait
969 3475 1058 3528 Cicero
1078 3477 1110 3529 de
1129 3476 1183 3528 suis
1203 3477 1329 3548 epistolia,
1353 3496 1409 3548 per-

241 3563 360 3632 spiceret,
378 3563 527 3632 corrigeret,
548 3563 644 3617 ederet.
669 3563 849 3630 Epistularum
862 3565 959 3626 antem,
979 3579 1045 3630 quae
1065 3566 1139 3617 erant
1151 3565 1184 3616 de
1202 3564 1312 3632 publicis
1331 3566 1410 3620 rebus

241 3651 353 3720 scriptae
379 3653 405 3704 et
427 3650 566 3719 librorum,
590 3651 641 3720 qui
654 3649 903 3718 epistularumloco
927 3651 1111 3718 mittebantur,
1137 3652 1285 3720 apographa
1307 3655 1410 3706 condita

241 3755 301 3793 esse
319 3740 376 3794 veri
394 3739 479 3793 simile
498 3742 546 3793 est.

332 3828 354 3896 8)
373 3828 468 3882 Rheln.
487 3828 556 3881 Mus.
578 3829 645 3884 1827
665 3843 690 3894 p.
710 3827 774 3881 246:
807 3825 895 3880 Selbst
913 3827 955 3880 die
974 3827 1062 3880 Briefe
1080 3828 1127 3881 des
1147 3827 1303 3882 Aristoteles
1321 3845 1409 3882 waren

239 3917 315 3970 nicht
331 3917 368 3970 im
387 3917 528 3986 alleinigen
546 3916 634 3971 Besita
654 3917 700 3969 des
718 3914 881 3984 Theophrast
899 3931 1030 3984 genesen.

330 4006 353 4072 ⁴)
372 4006 423 4058 Die
441 4005 602 4060 Staatslehre
622 4005 669 4057 des
687 4003 851 4070 Aristotelea,
872 4004 981 4073 Leipzig
1001 4005 1139 4062 1870-75
1159 4005 1210 4061 vol.
1230 4006 1265 4074 II,
1286 4022 1309 4074 p.
1330 4005 1389 4062 280.

331 4093 353 4159 ὅ)
372 4092 534 4160 Philologus,
552 4092 677 4150 XXXIX
696 4091 790 4161 (1880)
810 4110 834 4161 p.
855 4095 907 4151 303
926 4109 965 4162 sq.

331 4179 353 4246 6)
372 4180 473 4232 Ibidem
493 4197 517 4248 p.
536 4179 590 4236 260
607 4196 646 4248 sq.
