3008 4614
747 104 814 170 130

198 297 241 362 ad
264 297 371 366 Issum
394 296 516 365 iactam
531 318 590 380 pro
614 298 753 383 captivis
769 319 833 367 non
847 303 941 384 regui
958 311 1095 385 partem,
1120 305 1176 370 sed
1193 303 1370 385 pecuniam

200 404 389 471 Alexandro
417 405 548 485 obtulit,
581 414 654 489 post
680 407 769 473 illam
799 413 909 476 autam
939 408 1112 491 epistulam
1142 412 1240 478 etiam
1270 410 1369 492 regui

198 514 324 590 partem
346 510 506 597 promisit,
530 511 628 594 idque
643 531 708 579 non
724 513 834 598 semel,
859 516 919 581 sed
940 515 990 582 bis
1006 513 1096 598 iecit,
1120 515 1155 583 id
1171 517 1256 600 quod
1278 516 1371 582 inter

197 633 306 682 rerum
334 616 510 699 scriptores
541 626 673 700 praeter
695 619 873 686 Arrianum
898 628 1045 702 constat,
1077 621 1286 705 inpromptu
1313 628 1369 689 est

199 722 343 789 Dareum
370 729 437 792 tres
470 723 540 792 sive
572 725 731 808 epistulas
759 726 829 795 sive
859 727 1038 812 legationes
1069 729 1125 794 ad'
1141 728 1367 795 Alexandrum

199 827 325 896 misisse
349 835 382 896 et
407 831 629 898 Alexandrum
653 836 704 897 ter
726 832 835 899 Dareo
858 832 1077 916 respondisse.

287 935 352 1003 Sed
374 955 482 1004 rerum
512 939 691 1020 scriptores
718 957 782 1005 nou
812 940 913 1006 solum
938 940 978 1006 da
1006 940 1067 1007 hac
1089 959 1142 1024 ra,
1173 942 1233 1008 sed
1263 940 1367 1007 etiam

197 1044 238 1108 de
251 1043 398 1126 pecunia,
415 1063 511 1126 qnam
524 1046 653 1113 Dareus
665 1046 852 1114 Alexandro
869 1046 998 1127 obtulit,
1014 1047 1102 1114 inter
1113 1066 1148 1114 se
1165 1048 1365 1130 discrepant.

195 1149 278 1217 Nam
294 1149 438 1217 Iustinus
455 1150 535 1217 dicit
546 1153 690 1218 Dareum
706 1151 809 1235 primo
825 1175 974 1237 mopoom
983 1155 1156 1238 pecaniam
1171 1154 1365 1221 Alexandro

197 1256 363 1339 obtulisse,
381 1258 471 1340 cujus
486 1255 647 1325 Arrianus
660 1261 706 1343 ΙΙ,
724 1257 767 1325 14
779 1260 899 1326 nullam
912 1260 1110 1327 mentionem
1121 1259 1212 1344 iacit,
1229 1259 1366 1326 Curtius

203 1363 357 1448 1v1,1,2
382 1364 422 1430 de
447 1363 562 1430 eadem
592 1365 730 1447 pecunia
759 1364 838 1432 dicit
870 1367 1044 1447 ‘pecccatum
1073 1372 1363 1450 qacatomcumqoe

195 1477 261 1538 toto
277 1473 626 1555 Macedooioooperct‘.
652 1474 821 1556 Dareum,
846 1491 917 1539 cnm
939 1475 1034 1556 regni
1048 1481 1174 1557 partem
1196 1491 1299 1556 usque
1321 1476 1366 1541 ad

197 1577 309 1660 Halyn
339 1577 456 1646 flumen
479 1578 666 1646 Alexandro
695 1578 917 1664 polliceretur,
948 1579 1118 1660 pecuniam
1145 1580 1177 1646 ei
1203 1579 1365 1648 obtulisse

197 1687 298 1752 ceteri
324 1687 503 1767 scriptores
532 1704 596 1752 non
619 1687 770 1766 tradunt,
804 1684 966 1752 Diodorus
1001 1692 1107 1754 autem
1138 1686 1253 1770 XVII,
1284 1685 1363 1768 39,1

194 1788 346 1874 χρημάτωυ
360 1795 474 1870 πλῆθος
489 1797 521 1860 et
536 1793 641 1872 XVII,
662 1790 736 1875 54st
762 1792 897 1873 ἀργυρίου
920 1793 1048 1854 τάλαντα
1071 1795 1195 1875 δισχίλια
1217 1794 1364 1860 Dareum

195 1899 382 1966 Alexandro
406 1899 564 1966 obtulisse
579 1899 693 1966 tradit.
732 1899 828 1966 Illam
844 1899 1024 1982 pecuniam,
1047 1918 1142 1981 qnam
1158 1901 1286 1966 Dareus
1302 1919 1365 1983 per

195 2009 325 2074 tertiam
357 2006 556 2088 legationem
584 2007 772 2072 Alexandro
807 2005 970 2088 pollicitus
997 2011 1060 2091 esi,
1098 2007 1295 2074 Plutarchus
1327 2013 1366 2073 et

194 2116 344 2180 Zonaras
377 2123 410 2178 et
442 2112 603 2178 Arrianus
635 2111 684 2192 ΙΙ,
717 2111 790 2196 2ὃ,1
821 2110 910 2192 μύρια
938 2111 1067 2174 odiam
1098 2111 1200 2180 inisse
1236 2113 1362 2196 dicunt,

195 2219 324 2286 Curtius
347 2221 405 2300 IV,
430 2218 489 2297 XI,
514 2215 556 2283 43
581 2224 614 2284 et
629 2217 773 2284 Iustinus
788 2218 849 2298 XI,
876 2218 982 2302 latu,
1011 2220 1126 2286 XXX
1148 2221 1241 2286 ιιιίίία
1262 2223 1362 2286 toba-

194 2336 275 2407 leam,
306 2326 466 2393 Diodorus
490 2325 603 2409 XVII,
636 2313 711 2398 542
734 2323 849 2388 τᾶλαυτ’
875 2327 1009 2408 ἀργυρίου
1039 2329 1180 2408 τρισχίλια
1211 2327 1364 2409 idemque

195 2435 312 2517 fragm.
344 2432 420 2500 libri
451 2433 561 2500 XXX.
595 2432 671 2513 21,4
703 2432 930 2514 τετρακισμύρια
959 2433 1096 2500 τάλαντα,
1153 2432 1218 2500 Sed
1249 2453 1364 2516 quam·

194 2561 291 2624 quam
315 2540 490 2625 scriptores
514 2542 554 2607 de
578 2538 638 2622 his,
663 2559 746 2621 quaa
768 2548 858 2608 certe
876 2560 941 2608 non
964 2546 1039 2608 sunt
1060 2541 1173 2624 magui
1195 2543 1362 2622 momenti,

196 2653 283 2716 inter
297 2668 332 2716 se
345 2649 543 2731 discrepant,
566 2653 675 2714 tamen
687 2651 831 2715 Dareum
843 2646 1011 2729 pecuniam
1029 2651 1064 2713 et
1076 2648 1215 2713 alteram
1226 2647 1364 2734 filiano

195 2757 229 2822 in
261 2755 499 2822 matrimonium
533 2761 567 2821 et
593 2755 688 2838 regni
715 2760 841 2836 partem
868 2754 1056 2821 Alexandro
1088 2753 1245 2821 obtulisse
1273 2753 1363 2821 inter

194 2881 306 2930 omnes
341 2861 516 2945 scriptores
547 2853 685 2927 c'onstat.
732 2860 796 2927 Sed
827 2860 867 2926 da
896 2861 948 2926 his
980 2861 1147 2926 hactenus.
1189 2863 1284 2927 Nunc
1320 2862 1363 2929 de

193 2969 356 3053 prioribus
380 2967 538 3051 epistulis,
563 2986 643 3049 quas
659 2985 756 3049 reges
772 2969 861 3033 iuter
876 2985 911 3033 se
927 2968 1098 3046 dederunt,
1123 2986 1229 3049 pauca
1245 2968 1361 3035 dicam.

283 3076 361 3142 Cum
377 3075 564 3140 Alexander
579 3073 722 3140 Marathi
738 3080 835 3152 esset,
852 3073 997 3139 Dareum
1013 3091 1077 3140 non
1100 3073 1204 3139 solnm
1218 3073 1360 3157 legatos,

195 3184 253 3250 sed
281 3182 380 3248 etiam
410 3181 584 3262 epistulam
611 3181 654 3247 ad
681 3180 906 3247 Alexandrum
933 3178 1075 3259 misisse,
1112 3178 1252 3246 dilucide
1280 3181 1360 3248 dicit

194 3289 354 3358 Arrianus
386 3289 434 3366 Π,
473 3286 545 3366 14,1
580 3293 614 3355 et
642 3285 775 3354 Curtius
807 3288 869 3369 IV,
905 3286 935 3369 l,
966 3283 997 3352 2.
1050 3289 1089 3354 Iu
1124 3288 1187 3354 hac
1217 3287 1362 3369 epistula

193 3395 348 3479 scriptum
365 3401 436 3460 erat
448 3393 640 3482 Philippum,
657 3393 712 3476 qui
727 3412 798 3460 cum
810 3393 996 3461 Artaxerxe
1013 3393 1199 3462 societatem
1212 3393 1359 3476 iecisset,

194 3509 310 3572 Arsem
326 3500 447 3585 injuria
458 3497 615 3584 affecisse,
641 3500 925 3581 Alexandrumque
940 3501 1077 3584 legatos,
1095 3500 1151 3582 qui
1166 3499 1358 3567 societatem

193 3611 439 3687 confirmarent,
467 3609 509 3674 ad
533 3606 676 3674 Dareum
699 3626 763 3673 nou
787 3607 927 3688 misisse,
959 3608 1046 3674 unde
1074 3605 1226 3674 discimus
1248 3607 1360 3674 Maca·

300 3806 320 3873 ¹)
339 3803 432 3857 Suidas
459 3819 485 3857 v.
501 3797 669 3872 Ἀίίξιιιὸροι
686 3817 744 3856 eam
763 3799 892 3868 Ῥωξάνην
918 3801 1047 3874 nominat3
1066 3802 1113 3856 sed
1130 3801 1275 3871 Roranam,
1289 3817 1359 3873 quae

192 3894 343 3949 Alexandro
361 3891 460 3961 nupsit,
480 3891 594 3948 Oxiartis
612 3891 691 3945 liliam
710 3891 791 3946 iuuisse
811 3893 838 3945 et
855 3891 911 3960 ipse
934 3891 1031 3946 ibidem
1049 3893 1161 3945 testatur
1183 3892 1211 3944 et
1228 3891 1360 3946 Amanus

192 3981 328 4051 IV‚19,5‚
352 3981 428 4049 cujus
453 3981 570 4035 conferas
597 3981 676 4034 etiam
700 3979 762 4050 Vn,
787 3980 839 4049 4,4.
881 3979 962 4034 Darei
988 3981 1076 4034 autem
1102 3978 1157 4032 filia
1181 3980 1209 4033 in
1236 3978 1357 4050 epistula,

191 4068 265 4125 boae¹
278 4072 346 4141 apud
365 4070 484 4124 Curtium
501 4069 549 4138 IV,
567 4069 601 4138 V,
614 4069 647 4124 ‘21
662 4069 765 4140 legitur,
784 4067 880 4124 Statius
891 4067 1046 4139 appellatur.
1081 4067 1240 4132 Plutarchus
1252 4085 1360 4140 quoque

192 4161 238 4216 vit.
257 4160 335 4215 Alex.
354 4159 433 4214 LXX
450 4158 573 4213 sutram
593 4174 650 4212 eam
668 4158 793 4213 nominat
812 4158 845 4217 ci.
863 4157 924 4215 ibid.
944 4158 1024 4212 eiiam
1042 4157 1181 4212 LXXVII.
