3008 4614
651 149 714 219 103

257 354 310 407 τῶν
325 346 481 424 λῃστηρίων
495 357 556 417 τοῖς
575 350 736 427 Τυρρηνοῖς,
753 350 858 428 καίπερ
875 341 927 426 ἤδη
939 349 1093 425 Ῥωμαίοις
1107 345 1265 410 ὑπακούον-

258 472 311 522 τες.
333 452 431 535 διόπερ
455 457 503 515 καὶ
521 452 709 536 Ἀλέξανδρος
730 449 873 535 πρότερον
897 455 1022 534 ἐγκαλῶν
1041 453 1194 525 ἐπέστειλε,
1217 458 1266 516 καὶ

259 555 420 638 Δημήτριος
451 556 584 645 ὕστερον,
617 556 685 630 τοὺς
714 556 839 632 ἁλόντας
870 569 924 623 τῶν
953 561 1061 639 λῃστῶν
1091 560 1266 639 ἀναπέμπων

259 678 319 737 τοῖς
339 671 505 744 Ῥωμαίοις,
533 666 707 750 χαρίζεσθαι
729 668 781 744 μὲν
804 666 901 738 αὐτοῖς
924 665 979 747 ἔφη
1001 665 1038 728 τὰ
1061 664 1181 746 σώματα
1204 668 1264 732 κτλ.

99 823 166 890 Sed
195 824 386 892 Alexander
419 825 570 907 quamdiu
603 826 637 892 in
671 825 753 892 Asia
782 825 930 893 bellabat
959 845 1065 907 neque
1095 823 1267 892 Antiatum

98 930 260 998 rationem
287 931 410 999 habere
441 933 560 1015 potuit,
586 949 692 1014 neque
723 934 764 1000 de
787 932 828 1000 iis
851 939 982 1000 tantum
1004 951 1106 1014 usque
1129 931 1267 1000 Romam

99 1055 142 1103 ax
175 1037 257 1104 Asia
291 1037 462 1120 epistulam
491 1038 618 1106 misisse
652 1039 723 1107 veri
753 1037 858 1107 simile
882 1045 948 1120 est,
976 1038 1170 1122 praesertim
1194 1057 1266 1104 eum

99 1162 158 1211 eos
193 1144 297 1212 elassa
332 1163 393 1212 sua
428 1146 588 1228 depellere
614 1153 734 1230 posset.
789 1144 899 1228 Quare
927 1146 1034 1229 potius
1065 1147 1106 1213 ab
1129 1144 1267 1228 Epirota

97 1251 287 1318 Alexandro
311 1252 424 1318 datam
460 1269 531 1318 esse
568 1252 741 1336 epistulam
777 1253 918 1340 ered01),
955 1253 1008 1334 qui
1040 1249 1199 1319 Romanis
1233 1254 1268 1317 et

99 1357 294 1424 Antiatibus
317 1357 448 1441 propior
472 1365 544 1426 erat
560 1359 755 1440 Italiamque
770 1359 899 1444 petivit,
924 1378 1018 1441 quam
1043 1358 1267 1440 allaeedona,

100 1463 157 1546 qui
185 1464 275 1531 hand
302 1465 368 1531 seio
400 1484 442 1530 an
465 1483 521 1532 res
552 1465 718 1533 Romanas
749 1485 815 1534 non
845 1466 975 1548 penitus
1001 1465 1133 1534 noverit
1161 1481 1268 1545 neque

100 1570 306 1652 exploratum
340 1572 492 1639 habuerit
526 1572 681 1640 Antiates
720 1574 780 1639 sub
814 1571 1034 1640 Romanorum
1072 1577 1268 1655 potestatem

100 1678 256 1743 redactos
280 1695 363 1760 esse,
388 1682 424 1744 ut
440 1678 483 1743 ad
505 1677 670 1745 Romanos
685 1679 727 1745 de
741 1677 783 1745 iis
799 1679 966 1746 scriberet.
997 1679 1268 1746 Westermanuus

101 1783 208 1867 igitur
243 1781 375 1869 (ibidem
411 1781 455 1865 Π,
492 1781 548 1869 10)
582 1788 671 1851 reete
701 1783 841 1868 eonjeoit
870 1783 1042 1868 epistulam
1065 1786 1106 1850 ab
1129 1782 1269 1866 Epirota

101 1890 291 1958 Alexandro
328 1891 441 1956 datam
475 1909 561 1970 esse,
596 1891 655 1956 sed
681 1890 783 1958 miror
814 1893 898 1972 quod
928 1892 1014 1957 hano
1048 1891 1268 1974 oouJ'eoturam

104 1996 175 2063 'liti
198 1996 287 2063 Livii
310 1997 423 2064 verbis
447 1996 666 2083 confirmavit,
691 1999 747 2079 qui
769 1997 827 2080 IX,
853 1994 928 2078 18‚6
951 2015 993 2062 ne
1022 1996 1112 2063 fama
1141 1995 1267 2078 quidem

101 2102 259 2171 Romanis
287 2107 399 2169 notum
424 2102 527 2171 luisse
554 2104 776 2171 Alexandrum
800 2102 991 2174 arbitratur.
1033 2105 1115 2171 Nam
1139 2101 1269 2168 etiamsi

102 2213 152 2294 iis,
190 2227 275 2293 quae
304 2209 436 2276 Aristus
460 2217 495 2276 et
520 2209 734 2294 Asclepiades
764 2211 852 2293 apud
881 2210 1056 2276 Arrianum
1078 2209 1160 2288 VII,
1193 2206 1267 2291 15,5

106 2325 141 2383 et
165 2315 350 2383 Clitarchus
374 2317 459 2399 apud
482 2315 622 2383 Plinium
645 2317 684 2382 N.
708 2317 750 2383 Η.
773 2316 843 2402 ΙΙΙ,
875 2316 896 2382 5
926 2316 1017 2404 (9)57
1042 2336 1089 2398 sq.
1113 2317 1153 2382 de
1182 2316 1270 2398 lega-

102 2425 191 2492 tione
215 2422 405 2491 aRomanis
428 2424 471 2488 ad
485 2423 708 2490 Alexandrum
723 2423 854 2510 missa2)
877 2425 1021 2504 tradunt,
1045 2442 1109 2490 non
1132 2424 1268 2490 multum

103 2530 183 2596 fidei
206 2531 389 2597 habendum
413 2535 474 2613 est,
498 2537 617 2614 tamen,
642 2529 671 2597 si
693 2549 758 2596 non
781 2536 889 2613 antea,
914 2535 949 2596 at
976 2535 1067 2597 oerte
1097 2539 1269 2612 postquam

104 2635 286 2702 Alexandri
313 2636 495 2702 avunculus
527 2635 657 2702 ltaliam
687 2636 821 2718 petivit,
855 2654 928 2703 eum
954 2655 995 2702 ne
1024 2634 1113 2701 lama
1138 2633 1267 2715 quidem

103 2742 263 2809 Romanis
286 2747 399 2807 notum
422 2740 569 2828 subeor),
593 2742 650 2812 vix
673 2741 735 2808 tibi
757 2742 966 2824 persuadeas.

193 2883 301 2949 Aliam
322 2882 504 2950 Alexandri
527 2885 571 2950 ad
591 2883 757 2952 Romanos
782 2884 894 2951 datum
918 2883 1090 2968 epistulam
1113 2886 1270 2950 memorat

103 2991 256 3057 Memnon
279 2990 367 3071 apud
389 2989 540 3056 Plotium
556 2989 713 3057 Biblioth.
738 2993 805 3058 aod.
828 2991 992 3060 dcxxiv
1017 3009 1044 3057 e.
1069 2991 1110 3055 27
1135 2990 1197 3059 vol.
1219 2989 1269 3056 IV

104 3117 134 3180 p.
161 3096 224 3164 901
250 3097 299 3162 ad.
323 3094 444 3180 Migne.

103 3275 316 3286 ———--—-

196 3379 219 3449 1)
237 3379 357 3433 Pridieus
371 3378 433 3435 ibid.
447 3395 472 3448 p.
487 3379 520 3435 97
539 3380 571 3433 iis
586 3379 649 3434 viris
667 3379 750 3434 doetis
763 3381 913 3450 assentitur,
933 3381 977 3451 qui
996 3397 1054 3435 eam
1072 3380 1106 3434 ab
1117 3380 1269 3436 Alexandro

105 3466 250 3523 Maoedone
268 3468 392 3538 seriptum
411 3483 469 3523 esse
487 3469 647 3525 existimant

195 3591 219 3660 1)
238 3591 369 3647 Diodorus
386 3592 475 3657 XVII,
496 3595 571 3662 113,1
596 3610 635 3664 sq.
654 3593 832 3648 Romanorum
849 3593 948 3664 legatos
966 3611 1019 3650 non
1045 3597 1181 3649 memorat
1219 3595 1270 3650 Sed

107 3682 225 3736 eonferas
243 3681 367 3750 Droysen
385 3681 461 3737 Alex.
481 3683 582 3753 (Berlin
608 3683 687 3753 1833)
715 3701 741 3752 p.
760 3684 813 3740 568
831 3699 870 3753 aq.
890 3685 917 3737 et
934 3683 1011 3740 Alex.
1031 3683 1127 3753 (Gotha
1145 3684 1225 3752 1877)
1243 3684 1271 3738 Π

107 3786 129 3838 p.
148 3769 200 3825 405
220 3772 247 3823 et
264 3787 289 3839 p.
308 3771 360 3828 319
379 3771 438 3828 adn.
459 3776 487 3840 13
505 3771 635 3841 Niebuhr,
653 3775 729 3829 Rbm.
750 3772 844 3828 Gaaeh.
864 3774 918 3840 111,
940 3789 965 3841 p.
986 3771 1155 3841 1943H01m,
1176 3772 1269 3826 Geseh.

108 3857 312 3914 Gm'eehenlunds
330 3857 379 3929 111,
398 3877 423 3928 p.
443 3861 504 3916 413.

196 3984 220 4055 ⁸)
239 3983 372 4038 Romanos
390 3998 444 4036 non
462 3983 498 4038 ita
516 3983 618 4052 ignotos
636 3983 786 4040 Alexandro
808 3984 891 4039 luisse
909 3983 1023 4056 intelligi
1040 3984 1102 4039 lieet
1121 4000 1154 4038 ex
1172 3984 1270 4039 luatini

107 4069 182 4215 {22}
195 4074 253 4230 ξς
284 4072 367 4128 durtii
391 4072 465 4141 VIII,
494 4073 551 4144 r‚4;
582 4073 688 4128 Arriani
710 4074 772 4144 VH,
802 4075 852 4144 1,3,
884 4073 1019 4128 Plutarchi
1043 4075 1084 4129 De
1114 4074 1175 4129 lert
1194 4073 1270 4130 Rom.
