3008 4614
646 118 710 186 129

90 316 248 394 quoniam
263 332 372 381 rerum
389 313 567 397 scriptores
582 314 666 382 alias
683 334 736 382 res
752 313 878 400 afferre,
895 316 978 384 elios
995 316 1262 399 praetermittere

91 419 211 498 solent,
228 418 328 488 facile
344 425 494 502 poterant
505 439 603 488 unam
615 421 786 504 epistulam
799 427 858 488 ant
869 423 1067 506 legationem
1082 423 1263 506 negligere.

92 523 228 592 Curtius
251 532 360 593 autern
385 532 418 592 et
440 527 595 612 Iustinus,
626 529 680 595 vol
703 527 810 610 potins
833 529 987 613 scriptor,
1019 547 1113 612 quem
1135 527 1186 594 illi
1213 547 1264 595 se·

92 637 247 714 quuntur,
279 651 474 714 quamquam
497 651 550 699 res
574 634 703 715 saepius
735 644 896 702 exornant
918 641 1018 718 atque
1049 634 1264 718 amplificant,

91 745 205 806 tamon
229 739 381 820 quonium
404 738 467 822 ipsi
498 740 681 824 hujusmodi
705 759 768 825 res,
793 741 834 807 de
858 741 974 824 quibus
990 760 1075 834 nunc
1091 743 1264 825 loquimur,

92 845 220 929 fingere
243 865 308 912 non
332 847 447 929 solent,
480 851 572 912 certe
595 849 728 916 tertiam
751 847 949 931 legationem
972 849 1113 916 Dareum
1136 845 1264 915 misisse

94 949 162 1017 non
197 951 430 1034 tradidissent,
466 953 495 1018 si
529 953 585 1018 ille
614 971 686 1020 eam
716 973 781 1020 non
812 953 966 1023 misisset.
1018 956 1129 1037 Atque
1163 953 1264 1021 etiam

93 1057 260 1125 Diodorus
284 1066 317 1126 et
332 1059 494 1127 Arrianus
517 1079 712 1142 quemqnam
735 1068 873 1143 uterque
896 1063 979 1130 duas
1000 1060 1183 1144 legationes
1208 1066 1266 1128 aut

95 1164 256 1247 epistulae
287 1166 404 1231 missas
435 1165 651 1248 essedario,
684 1172 795 1233 tamen
826 1167 855 1234 si
877 1169 1047 1234 amborum
1076 1166 1264 1234 memoriam

97 1269 341 1353 complecteris,
376 1276 444 1336 tres
479 1271 548 1340 sive
584 1271 739 1355 epistulas
773 1272 844 1343 sive
877 1273 1058 1357 legationes
1094 1273 1266 1340 exhibent:

96 1376 232 1442 tertiam
247 1376 333 1442 enim
348 1375 548 1459 legationem
560 1384 717 1445 memorat
726 1389 760 1444 et
771 1379 931 1447 Arrianus
944 1378 986 1459 li,
1000 1377 1042 1446 25
1059 1385 1093 1446 et
1105 1379 1267 1448 Diodorus

97 1483 208 1568 XVII,
234 1481 324 1566 ete,
359 1482 495 1550 alteriue
518 1483 704 1568 legationis,
735 1503 830 1567 quam
854 1486 1014 1554 Arrianus
1037 1485 1267 1569 praetermisit,

97 1588 297 1655 mentionem
328 1589 410 1656 iacit
436 1588 601 1656 Diodorus
635 1591 744 1674 XVII,
774 1588 869 1672 39‚1;
893 1591 1033 1673 priorem
1067 1591 1171 1660 Darei
1202 1593 1270 1675 epi-

98 1695 218 1762 stulam
254 1715 275 1762 a
309 1696 452 1763 Diodoro
490 1699 756 1779 praetermissam
790 1699 892 1765 tradit
927 1699 1091 1766 Arrianus
1126 1701 1174 1784 II,
1216 1701 1267 1768 14.

98 1804 281 1870 Praeterea
303 1802 375 1884 ipsa
396 1821 451 1869 res
474 1804 628 1887 postulat,
661 1812 697 1870 ut
720 1810 788 1872 tres
812 1805 881 1874 sive
904 1805 1064 1888 epistulas
1085 1806 1156 1875 sive
1178 1808 1269 1891 legn-

99 1908 208 1976 tiones
230 1927 324 1991 reges
340 1909 427 1976 inter
443 1930 478 1977 se
502 1909 631 1980 misisse
651 1913 842 1990 credemus:
869 1913 999 1981 Dareus
1022 1913 1107 1979 enim
1131 1919 1270 1996 accepta

100 2018 144 2083 ad
169 2015 274 2082 Issum
298 2015 392 2082 clade
415 2035 481 2083 non
504 2021 577 2082 erat
601 2017 768 2100 sollicitus,
797 2017 861 2085 nisi
885 2019 926 2085 de
950 2018 1104 2102 captivis:
1132 2019 1271 2086 amissos

101 2121 189 2188 enim
221 2120 343 2188 milites
378 2122 476 2190 focile
505 2122 681 2191 restituere
711 2131 850 2206 poterat,
884 2124 1033 2208 captivas
1063 2131 1172 2192 autem
1205 2143 1270 2192 non

100 2227 200 2312 regni
220 2234 325 2312 parte,
348 2227 383 2294 id
407 2231 492 2310 quod
516 2248 622 2311 neque
646 2231 805 2298 credibile
829 2238 881 2298 est
904 2250 1011 2314 neque
1033 2231 1187 2310 traditur,
1212 2231 1271 2297 sed

98 2335 241 2417 pecunia
256 2333 418 2401 redimere
434 2336 546 2403 voluit.
570 2335 648 2403 (lum
665 2342 774 2403 autem
791 2322 887 2421 Syria
904 2343 938 2404 et
953 2337 1119 2406 Phoenice
1133 2339 1272 2404 subacta

98 2441 290 2508 Alexander
320 2441 443 2524 'Pyrum
475 2444 588 2509 urbem
618 2450 836 2528 oppugnaret,
869 2444 989 2511 obtulit
1017 2445 1147 2512 Dareus
1176 2441 1273 2528 regni

98 2554 228 2630 partem
252 2566 315 2615 non
339 2550 508 2630 usquead
534 2549 746 2636 Euphratem,
775 2555 811 2615 ut
833 2550 880 2617 ait
894 2551 1065 2631 Arrianus,
1089 2552 1147 2618 sed
1169 2568 1273 2631 unque

100 2657 143 2722 ad
159 2655 268 2738 Halyn
285 2653 418 2721 flumen:
434 2654 516 2723 victi
533 2655 619 2723 enim
636 2657 740 2739 plura,
765 2675 862 2739 quarn
878 2656 1069 2741 amiserunt,
1090 2655 1272 2726 victoribus

103 2760 294 2844 permittere
326 2779 389 2828 non
422 2761 540 2829 solent.
571 2764 704 2829 Partem
739 2762 833 2845 regni
855 2781 958 2846 usque
994 2763 1036 2830 ad
1068 2764 1269 2845 Euphratem

103 2866 224 2934 flumen
241 2872 309 2932 tum
326 2868 453 2933 demum
470 2868 588 2935 obtulit
603 2869 732 2936 Dareus
749 2869 949 2953 Alexandro,
974 2888 1046 2936 cum
1068 2869 1121 2936 hic
1136 2871 1273 2936 subacta

102 2973 203 3040 etiam
226 2974 376 3057 Aegypto
404 2976 448 3040 ad
471 2973 577 3057 ipsum
600 2977 744 3044 Dareum
774 2977 1004 3044 contendebat.
1033 2977 1098 3044 Sed
1127 2994 1168 3042 ne
1191 2964 1272 3042 tunc

101 3079 233 3162 quidem
262 3080 389 3147 Dareus
421 3083 517 3163 plura
546 3100 641 3162 quum
670 3085 826 3150 omiserat
854 3081 973 3148 obtulit
1000 3083 1205 3161 Alexandro,
1237 3085 1274 3148 ut

101 3185 233 3254 Curtius
249 3185 306 3268 IV,
319 3186 378 3266 XI,
396 3183 439 3252 44
454 3191 546 3253 recte
558 3188 781 3254 Alexandrum
798 3187 960 3254 dicentem
972 3186 1091 3256 fecisse
1108 3187 1274 3258 videatur:

105 3291 283 3360 ‘Summum
299 3315 371 3378 erpo
388 3294 478 3374 dotis,
509 3316 605 3378 quom
619 3298 776 3377 promitit
798 3293 961 3380 (Dareus),
985 3297 1155 3362 terminum
1169 3301 1275 3363 eastra

102 3423 174 3466 mea
195 3406 370 3467 transeunt.
408 3401 497 3468 Hinc
511 3422 560 3466 me
583 3402 736 3486 depellite,
761 3407 796 3467 ct
810 3404 911 3468 sciam
933 3407 1071 3468 neuen
1091 3421 1166 3488 esse,
1191 3404 1274 3484 quod

11 3583 12 3590 ἵ
102 3507 234 3574 ceditis!
298 3504 446 3573 Iustinus
485 3526 611 3588 quoque
645 3508 710 3591 XI,
744 3505 818 3591 12,4
847 3506 927 3573 dicit
963 3506 1190 3574 Alexandrum
1223 3526 1274 3573 re·

104 3611 276 3695 scripsisse
300 3631 359 3679 sua
382 3611 446 3679 sibi
469 3611 542 3678 dori
565 3631 637 3680 cum
653 3613 782 3680 Dareus
806 3611 837 3678 ei
859 3620 987 3695 partem
1002 3613 1098 3697 regni
1113 3631 1215 3696 usque
1231 3613 1274 3680 ad

11 3801 12 3808 ἵ
104 3719 217 3802 Halyn
246 3717 366 3784 flumen
399 3719 579 3786 obtulisset.
627 3717 720 3800 Quod
747 3717 849 3803 igitur
874 3718 1000 3786 Dareus
1030 3729 1104 3800 post
1132 3737 1275 3801 pugnam

105 3910 166 3950 esse
188 3898 294 3964 negant.
331 3893 446 3952 Adlerus
465 3895 536 3963 (ibid.
554 3911 579 3964 p.
599 3897 643 3964 10)
661 3896 796 3950 lustinum
821 3895 992 3965 Curtiumque
1010 3894 1148 3964 repudiati¹
1164 3894 1277 3972 Diodoro

107 3985 184 4040 fidem
203 3983 320 4052 abrogat.
338 3983 458 4038 Pridioue
469 3984 539 4054 (ibid.
559 4000 584 4053 p.
602 3986 636 4041 41
655 3985 725 4055 sqq.)
742 3983 848 4038 illorum
866 3983 1279 4038 virorumdoctorumsententiae

107 4073 207 4143 prohat,
230 4073 276 4142 qui
288 4071 430 4127 Amianum
442 4075 527 4128 secuti
539 4075 608 4142 sunt,
627 4073 797 4144 Danaumque
814 4071 899 4128 semel
911 4071 1062 4128 Alexandro
1080 4072 1154 4141 regni
1174 4074 1280 4144 partem

107 4161 297 4231 pecuniamque
316 4161 442 4218 obtulisse
459 4161 602 4218 existimet
