3016 4612
654 163 696 231 59

572 257 784 268 ..ἠ-ι-

93 361 138 426 ibi
161 367 375 443 pernoctasse
408 367 604 442 posteroque
628 361 680 429 dia
711 361 744 429 in
776 361 881 444 ripam
909 363 1097 430 ulteriorem
1124 366 1262 448 pedibus

93 465 260 535 transisse.
283 468 396 549 Neque
412 467 513 550 igitur
529 487 667 552 magnae
683 469 810 536 insulae
827 487 931 550 neque
948 470 1069 536 erroris
1081 472 1263 539 Alexandri

93 574 215 640 mentm
245 572 337 641 facta
371 580 436 643 ast:
471 595 569 642 uuam
592 576 679 642 enim
702 576 841 644 insulam
864 578 952 643 haud
975 595 1125 660 magnam
1159 577 1262 647 fuisse

94 679 251 762 scripturn
277 689 345 764 est;
376 682 412 747 in
435 701 532 762 quam
555 684 745 750 Alexander
769 685 916 750 consulto
940 686 1099 751 advectus
1124 693 1183 768 est,
1213 704 1261 767 eo,

95 793 129 853 ut
152 786 299 871 videtur,
335 807 413 855 usus
436 789 582 872 oonsilio,
607 796 644 856 ut
666 801 799 873 postero
824 790 875 858 die
898 791 988 858 nullo
1012 793 1144 876 negotio
1167 795 1264 860 brevi

93 901 239 976 tempore
274 896 309 961 iu
342 896 449 984 ripam
472 897 662 964 ulteriorem
696 898 863 966 transiret.
911 898 1003 965 Haeo
1039 908 1151 965 autem
1182 899 1263 966 mihi

95 1001 223 1083 quidem
253 1003 512 1072 verisimiliora
541 1023 614 1071 essa
642 1004 806 1089 videntur,
840 994 937 1087 quam
964 1006 1031 1086 illa,
1062 1025 1146 1087 quae
1176 1008 1263 1088 apud

94 1107 272 1175 Arrianum
301 1113 472 1193 leguntur:
503 1130 610 1192 neque
635 1112 720 1178 euim
746 1112 971 1179 Alexandrum
995 1131 1124 1179 errasse
1155 1114 1262 1192 oredo,

94 1233 164 1280 cum
189 1214 291 1281 facile
314 1225 392 1283 ante
412 1216 587 1284 transitum
604 1216 723 1285 flumen
739 1218 926 1299 insulasque
950 1219 1120 1302 explorare
1143 1227 1263 1303 posset,

97 1340 201 1403 neque
233 1324 276 1388 ad
303 1322 444 1390 fluminis
479 1323 585 1408 rIpam
620 1332 816 1405 pernoctare
852 1340 962 1408 aptum
997 1331 1080 1409 erat,
1117 1327 1202 1406 quod
1237 1331 1265 1392 si

16 1445 17 1530 l
95 1427 242 1513 feoisset,
274 1438 362 1498 certe
385 1432 475 1498 haud
497 1451 635 1515 parvam
670 1431 736 1498 diei
771 1440 897 1516 partem
931 1432 965 1499 in
988 1435 1186 1516 navigando,
1215 1452 1265 1498 er-

16 1549 18 1622 3
99 1538 216 1620 raudo,
232 1537 350 1604 flumen
366 1538 503 1621 pedibus
518 1540 720 1605 transeundo
737 1557 926 1606 consumere
943 1540 1095 1606 debebat.
1142 1539 1264 1606 contra

16 1671 18 1676 ·
95 1645 122 1709 si
143 1643 178 1710 iu
202 1645 312 1711 insula
335 1644 550 1728 pernoctavit,
574 1653 714 1727 poterat,
739 1645 767 1711 si
791 1665 855 1712 non
872 1644 980 1728 facile,
1004 1652 1146 1712 atcerte
1170 1645 1264 1713 brevi

16 1729 18 1790 ί
96 1757 242 1833 tempore
273 1750 307 1816 Iu
340 1750 445 1833 ripam
481 1751 667 1819 ulteriorem
703 1751 853 1819 transire.
900 1752 992 1819 Haeo
1021 1752 1123 1834 igitur
1151 1759 1188 1818 ut
1223 1754 1263 1818 ab

17 1899 18 1910 ι
96 1857 239 1926 Arriano
273 1856 467 1940 discrepant
496 1859 543 1924 sic
566 1861 610 1924 ad
632 1860 808 1925 vamtatem
832 1859 965 1941 propius
988 1860 1159 1925 accedunt.
1206 1861 1264 1924 At

96 1982 156 2043 que
180 1964 282 2030 etiam
304 1963 338 2029 in
362 1981 400 2029 eo
424 1962 590 2046 discrepat
613 1963 753 2046 epistula
774 1967 815 2030 ab
838 1964 992 2047 Arriano,
1016 1965 1103 2045 quod
1118 1966 1152 2031 iu
1167 1963 1264 2048 hujus

97 2071 286 2136 narratione
310 2071 540 2138 desiderantur
562 2072 666 2139 verba
689 2070 861 2151 πρηστήρων
883 2071 1265 2152 circumclamata

97 2179 134 2246 είς
155 2176 190 2239 τὸ
215 2173 413 2257 στρατόπεδον
445 2182 625 2260 φερομένων,
658 2175 734 2255 ὅμως
765 2175 838 2257 ὁρῶν
867 2178 1078 2255 ἀπολλυμένους
1107 2176 1186 2249 τινας
1216 2182 1265 2239 καὶ

96 2285 345 2363 συμφλεγομένους
367 2280 424 2344 ὑπὸ
448 2292 503 2344 τῶν
525 2294 669 2360 κεραυνῶν
693 2286 752 2348 κτλ.
800 2291 833 2349 et
856 2283 953 2366 paulo
977 2293 1051 2366 post
1075 2285 1164 2346 εἰλιοσι
1195 2307 1264 2346 σπα-

96 2391 170 2460 eleva
194 2391 254 2457 κπλ,
279 2397 312 2454 et
334 2387 414 2468 μόλις
437 2387 539 2469 ὀγδόης
561 2385 638 2467 ὥρας
661 2392 720 2451 κτλ.
756 2408 840 2470 quae
872 2389 972 2456 etiam
996 2391 1029 2455 in
1054 2390 1157 2457 Ollrlii
1180 2391 1264 2457 libro

98 2495 186 2582 VIII,
216 2495 312 2579 XIII,
336 2493 379 2560 46
403 2512 450 2576 sq.
476 2493 715 2575 desiderantur,
741 2495 796 2576 qui
812 2497 897 2563 haud
912 2497 1045 2564 ursulus
1064 2516 1160 2577 quam
1175 2498 1265 2564 Arri·

98 2619 177 2668 anus
206 2604 286 2668 haec
318 2600 479 2682 exposuit.
530 2601 623 2666 Haec
657 2601 760 2684 igitur
790 2619 894 2682 neque
924 2620 966 2666 ex
998 2602 1179 2670 Ptolemaei
1207 2610 1266 2668 aut

99 2708 234 2774 aliorum
257 2707 413 2774 memoria
436 2707 672 2791 profluxerunt,
697 2727 803 2790 neque
820 2707 954 2775 falsario
972 2710 1140 2776 debentur.
1187 2709 1264 2792 Qui-

97 2814 154 2881 bus
190 2821 298 2882 autem
333 2813 478 2881 consiliis
510 2815 701 2881 Alexander
735 2833 812 2881 usus
847 2815 906 2897 sit,
942 2816 1032 2883 haud
1062 2816 1191 2882 facilius
1225 2836 1265 2884 ex

17 2995 20 3014 χ
99 2921 247 2995 Arriano,
272 2942 367 3004 quam
392 2942 433 2988 ex
456 2923 598 3005 epistula
621 2923 826 3006 perspicitur,
850 2926 937 3005 quod
951 2923 1095 3008 intelligi
1117 2926 1205 3005 licet,
1237 2924 1265 2991 si

102 3027 234 3094 Arriani
263 3032 369 3098 verba
399 3048 472 3097 oum
500 3030 641 3112 epistula
675 3033 944 3112 comparabimus.
996 3031 1155 3098 Arrianus
1179 3031 1265 3098 euim

100 3133 151 3218 (V,
178 3134 359 3222 14‚1sq.)
387 3145 559 3218 postquam
588 3138 739 3205 narravit
770 3138 993 3205 Alexandrum
1016 3136 1135 3204 flumen
1158 3147 1265 3204 trans-

99 3237 159 3308 isse
184 3240 354 3323 aciemque
377 3244 572 3309 instruxisse
595 3243 679 3308 haec
703 3242 798 3309 dicit:
823 3241 911 3315 αὐτὸς
933 3247 973 3315 οε,
1002 3240 1045 3305 ὄπ
1069 3257 1184 3325 κρατεῖν
1207 3241 1264 3306 σοί

17 3387 18 3420 p
100 3368 138 3406 κει
160 3357 194 3427 πῇ
217 3346 306 3425 ἵππῳ,
329 3346 396 3422 τοὺς
419 3355 525 3420 ἱππέας
547 3347 652 3427 μόνους
675 3347 827 3430 ἀναλαβὼν
851 3354 961 3428 σπουθῇ
992 3350 1097 3431 ἡγεῖτο,
1129 3347 1214 3422 ὄντας
1236 3357 1265 3422 ἐς

17 3471 18 3474 ’
101 3457 340 3536 πεντακισχιλίους
364 3505 371 3521 .
396 3508 403 3522 .
429 3507 436 3522 .
463 3509 470 3523 .
494 3455 600 3538 χνυίμην
622 3458 652 3517 tl
677 3460 844 3528 ἐπεποίητο,
877 3460 913 3526 ὡς
942 3461 970 3517 εί
995 3457 1047 3535 μὲν
1076 3457 1264 3536 προσμίξειαν

101 3559 173 3638 αὐτῷ
192 3567 221 3622 σί
243 3562 320 3640 ἀμφὶ
342 3559 392 3624 τὸν
414 3567 519 3642 Πῶρον
543 3561 590 3635 ξὺν
612 3574 646 3641 νῇ
669 3557 786 3640 δυνάμει
818 3563 926 3645 ἁπάσῃ,
960 3561 977 3642 ἡ
998 3564 1149 3643 κρατήσειν
1171 3565 1265 3626 αὐτῶν

102 3664 132 3723 οὐ
151 3670 280 3748 χαλεπῶς
302 3679 335 3748 τῇ
359 3667 437 3745 ἵππῳ
461 3667 632 3750 προσβαλὼν
655 3668 672 3748 ἢ
697 3667 921 3751 ἀπομαχεῖσθαί
940 3693 971 3750 χε
994 3667 1060 3732 ἔστι
1081 3668 1149 3740 τοὺς
1164 3669 1266 3744 πεζοὺς

103 3775 128 3831 ίν
148 3783 187 3852 τῷ
207 3772 279 3854 ἔργον
303 3780 508 3856 ἐπιγενέσθαι·
534 3781 561 3837 εἰ
574 3779 604 3836 δὲ
628 3773 702 3853 πρὸς
724 3775 774 3854 τὴν
789 3775 897 3852 τόλμαν
911 3785 962 3853 τῆς
977 3774 1140 3856 διαβάσεως
1156 3773 1265 3839 ίιποπον

105 4087 124 4140 Si
140 4090 225 4146 insula
243 4107 259 4145 a
276 4093 332 4162 ripa
350 4092 474 4148 ulterIore
492 4095 584 4162 procul
602 4095 737 4162 abfuisset,
759 4095 927 4162 perspicuum
946 4096 987 4149 est
1011 4110 1045 4148 ax
1063 4095 1150 4150 verbis
1169 4089 1213 4147 θ’πε
1232 4091 1265 4148 di

104 4178 296 4243 συνολισθάνον,
318 4198 386 4252 quae
405 4184 437 4236 de
455 4183 639 4252 navigantibus
658 4183 708 4238 dici
726 4199 779 4236 non
797 4185 915 4251 possunt.
