3016 4612
680 139 700 206 3

587 232 800 242 ..—-...-—-—-

103 340 321 422 epistularum
349 339 531 408 Alexandri
564 359 640 406 usos
675 358 760 423 esse,
798 339 973 405 Arrianum
1005 345 1038 405 et
1069 337 1214 404 Curtium
1245 343 1278 406 et

102 447 270 514 Iustinum
302 453 335 513 et
357 448 535 513 Diodorum
566 465 605 514 ex
628 445 722 512 libris
753 464 862 511 rerum
895 444 1089 526 scriptorum
1121 443 1278 525 epistulas

105 552 359 637 deprompsisse.
407 553 605 638 Fraeulue11)
629 552 842 618 Plutarchum
866 553 1040 617 maximam
1065 550 1278 633 epistularum

105 661 291 726 Alexandri
318 666 448 742 partem
477 677 518 724 ex
547 659 760 740 epistularum
792 675 941 739 corpore,
971 674 1093 738 paucas
1117 675 1157 722 ex
1184 655 1280 722 libris

106 786 215 833 rerum
230 766 427 848 scriptorum
438 764 557 847 prioris
574 764 693 831 aetatis
710 763 885 846 sumpsisse
899 762 1076 830 existimat.
1110 762 1278 846 Haerere)
1312 809 1314 813 -

107 878 205 956 putat
219 873 402 940 Alexandri
417 873 576 956 epistulas
592 890 657 938 non
673 871 770 954 longe
786 876 860 952 post
876 871 947 954 ejus
962 875 1099 936 mortem
1124 869 1280 936 collectas
1384 895 1387 902 ·

109 997 181 1047 esse
204 997 327 1060 easque
342 979 555 1045 Plutarchum
581 996 622 1043 ex
645 977 705 1042 hoc
728 976 943 1058 epistularum
959 993 1095 1055 corpore
1112 975 1279 1056 depromp-

109 1086 199 1153 sisse.
242 1085 361 1172 Rosei)
388 1103 516 1167 quoque
537 1092 571 1150 et
593 1085 780 1171 Droysen4)
805 1090 838 1150 et
859 1083 999 1167 rogem)
1023 1088 1057 1148 et
1082 1079 1278 1164 Susamihl⁶)

110 1193 223 1258 diouut
240 1193 454 1260 Plutarchum
470 1190 654 1258 Alexandri
677 1190 836 1272 epistulas
852 1209 893 1256 ex
908 1189 1119 1271 epistularum
1144 1205 1278 1268 corpore

108 1298 265 1365 hausisse.
291 1297 502 1382 Kaerstiusl)
523 1296 703 1364 familiares
720 1295 902 1362 Alexandri
923 1295 1079 1376 epistulas
1100 1313 1120 1358 a
1137 1293 1278 1359 Charete

108 1405 286 1471 memoriae
316 1404 463 1486 proditas
499 1421 571 1471 esse
606 1402 747 1487 conJ'Icit.
794 1402 924 1485 19191118)
959 1420 998 1466 99
1032 1400 1177 1482 ratione,
1214 1417 1277 1479 qua

109 1511 308 1578 Plutarchus
330 1510 365 1575 in
396 1511 546 1592 epistulis
569 1508 744 1576 afferendis
767 1515 890 1591 utatur,
922 1514 1016 1574 extra
1041 1505 1276 1573 dubitationem

107 1617 185 1699 poni
212 1622 308 1697 putat
336 1615 427 1681 illum
456 1615 614 1698 epistulas
645 1635 708 1681 non
736 1615 778 1680 iis
806 1613 1020 1698 scriptoribus
1045 1613 1207 1694 debuisse,
1238 1631 1278 1677 ex

109 1723 226 1804 quibus
241 1741 295 1788 res
311 1727 466 1815 narratas
491 1721 740 1805 deprompserit,
765 1720 822 1787 sed
840 1739 881 1786 ex
904 1720 1117 1804 epistularum
1142 1737 1277 1802 corpore

106 1828 274 1907 hausisse;
300 1827 564 1915 epistulasquel)
588 1829 615 1893 si
639 1817 704 1893 non
728 1844 849 1908 omnes,
874 1833 908 1891 at
929 1831 1039 1891 tamen
1063 1825 1220 1908 plurimas
1244 1830 1278 1889 et

60 1967 66 1978 ·
107 1935 321 2018 gravissimas
348 1936 422 2000 illos
452 1943 541 2000 certe
564 1934 749 2000 Alexandri
778 1951 887 1997 rerum
911 1931 1088 2014 scriptores
1111 1931 1276 2013 aequales,

107 2042 162 2122 qui
194 2041 314 2107 ceteris
344 2040 409 2106 fide
438 2040 681 2124 praestiterint,
713 2058 778 2105 uon
808 2037 940 2104 novisse
973 2037 1046 2104 veri
1075 2036 1181 2102 simile
1205 2055 1277 2102 esse

108 2147 291 2227 existimat;
316 2153 441 2213 certum
458 2153 567 2212 autem
584 2127 655 2213 es'se
670 2146 743 2211 illos
760 2146 819 2210 has
837 2144 995 2228 epistulas
1011 2163 1075 2210 non
1090 2143 1277 2226 respexisse

108 2260 165 2320 aut
187 2252 363 2320 memoriae
385 2251 577 2335 prodidisse.
614 2251 707 2316 Haec
723 2249 868 2316 Kaerstii
891 2249 996 2329 opinio
1019 2249 1191 2332 probanda
1213 2267 1277 2312 non

108 2371 176 2428 est:
202 2378 276 2425 narn
300 2358 377 2424 licet
393 2377 518 2442 paucae
535 2377 576 2423 ex
600 2358 812 2442 epistularum
831 2373 966 2438 corpore
981 2355 1144 2438 fluxerint,
1168 2361 1278 2419 tamen

106 2466 264 2552 plurimas
293 2484 333 2532 ex
365 2465 494 2530 ratIone
525 2462 685 2530 afferendi
716 2470 904 2547 apparete
934 2461 1111 2526 Plutarcho
1141 2478 1205 2526 uon
1239 2479 1279 2526 ex

108 2573 322 2657 epistularum
337 2590 483 2654 corpore,
501 2571 558 2636 sed
571 2588 614 2636 ex
626 2587 735 2635 rerum
752 2571 950 2652 scriptorum
962 2568 1054 2632 libris
1066 2569 1277 2650 depromptas

193 2857 213 2920 1)
230 2854 280 2908 Die
300 2853 411 2919 Quellen
430 2854 477 2908 der
490 2853 790 2910 Alexanderhietorihar.
809 2852 921 2909 Breslau
935 2851 1012 2920 1883,
1032 2869 1057 2920 p.
1072 2852 1125 2908 300
1142 2851 1175 2904 ol.
1196 2850 1276 2904 etiam

105 2960 130 3012 p.
151 2944 211 2997 135.

196 3031 218 3098 ²)
237 3031 278 3085 De
297 3029 412 3084 lontibus
431 3033 458 3084 91
476 3030 629 3086 auctoritate
647 3030 760 3083 vitarum
779 3028 962 3099 parallelarum
977 3027 1118 3082 Plutarchi.
1138 3026 1276 3095 Gottingae

106 3119 280 3174 MDGOOXX
298 3135 324 3188 p.
343 3119 386 3176 60,

196 3207 218 3275 ⁸)
238 3208 279 3260 De
297 3207 449 3278 Aristotelis
467 3206 592 3260 librorum
611 3207 702 3261 ordine
727 3208 754 3271 91
771 3207 932 3261 auctoritate.
962 3204 1078 3259 Berolini
1095 3204 1275 3262 MDOOCLIV

106 3314 129 3365 p.
151 3297 211 3352 113.

193 3385 217 3452 1)
238 3384 394 3438 GeeohIohte
413 3385 460 3438 dee
478 3383 667 3438 Hellenismus.
701 3383 796 3439 Gesoh.
815 3383 894 3440 Alex.
913 3383 937 3436 d.
957 3383 1080 3436 Grossen.
1112 3383 1137 3438 2.
1157 3381 1276 3446 Auflage.

107 3473 192 3526 Gotha
211 3473 291 3529 1877.
322 3471 462 3526 Halbband
480 3471 516 3539 H,
535 3487 560 3540 p.
580 3471 641 3528 404.

195 3559 217 3627 5)
236 3559 286 3613 Die
305 3559 417 3624 Quellen
435 3558 574 3612 Plutarchs
593 3559 620 3611 in
639 3560 688 3613 der
699 3558 855 3627 Biographie
874 3558 952 3612 Alex.
965 3559 1013 3612 des
1027 3558 1150 3613 (irossen.
1168 3558 1275 3610 Kaisar-

106 3647 187 3702 liches
205 3648 324 3715 Lyceum
346 3646 375 3698 in
393 3646 505 3703 Colman
537 3646 699 3714 Programm.
720 3646 788 3702 1877
811 3663 836 3715 p.
856 3648 881 3702 4.
901 3647 933 3702 cf.
958 3646 1037 3701 etiam
1060 3663 1085 3715 p.
1108 3646 1126 3699 8
1145 3645 1189 3698 ubi
1212 3645 1275 3700 dicit

106 3735 276 3790 Plutarchum
295 3735 340 3789 rit.
360 3734 438 3788 Alex.
462 3734 546 3788 XXII
566 3737 593 3788 91
610 3733 706 3788 XXIII
725 3738 752 3788 et
775 3750 818 3787 res
841 3737 868 3788 et
892 3733 1017 3803 epistulas
1041 3750 1075 3787 ex
1100 3732 1275 3801 disputatione

108 3825 219 3892 quadam
237 3823 416 3893 philosophica
434 3826 480 3876 aut
499 3839 533 3876 ex
552 3822 646 3891 Satyro
664 3823 867 3892 deprompsisse.

195 3912 215 3982 1)
235 3913 331 3968 Gesoh.
350 3914 397 3966 der
415 3912 518 3966 011991.
537 3912 599 3966 Ire.
618 3912 652 3982 II,
671 3928 697 3982 p.
716 3913 776 3969 594.

196 4001 215 4070 ⁷)
233 4001 421 4070 Forschungen
434 4017 482 4053 zur
496 4000 653 4054 Gesohiohte
667 4001 743 4056 Alex.
758 4002 782 4054 d.
799 4002 922 4055 Grossen.
942 3999 1071 4068 stuttgart
1090 3998 1167 4055 1887.
1183 4000 1273 4068 11117.

194 4089 214 4158 ⁸)
234 4088 360 4156 Philolog.
379 4089 415 4142 LI
434 4088 529 4154 (1892)
548 4105 573 4156 p.
593 4089 655 4144 604.
674 4089 794 4143 conferas
813 4089 891 4142 etiam
910 4103 935 4156 p.
956 4087 1016 4142 606.

195 4176 216 4245 9)
233 4175 336 4230 Ibidem
354 4193 379 4244 p.
395 4176 457 4232 617.

1083 4261 1114 4318 1*
