3008 4614
797 153 841 222 94

394 352 558 434 ἐγέγραπτο,
582 347 698 414 ίπιιδολν
721 349 807 421 αι’πὸς
829 347 983 432 προσβοίλη
1004 361 1038 430 τῇ
1054 350 1154 428 πίτρη,
1177 347 1226 412 τὸν
1242 350 1273 411 ol
1288 350 1404 411 ἑπιεναι

393 471 452 530 τοῖς
484 455 643 542 βαρβάροις
673 455 751 533 ικατὰ
782 455 815 520 τὸ
850 453 929 539 ὅρος,
966 458 1036 537 μηδλ
1071 458 1189 539 ἀγαπᾶν
1223 461 1252 517 ἐν
1286 457 1405 535 φυλακῇ

394 563 494 647 ἔχοντα
516 564 549 628 τὸ
571 568 682 648 χωρίον,
706 563 978 648 ὡςοὶμφοτίρωδιν
999 561 1194 647 βαλλομένους
1209 560 1275 635 τοὺς
1297 561 1406 634 Ἰνδοὺς

394 669 572 753 ἀμφιβόλους
594 676 756 755 γίγνεσθαι.

235 817 327 882 Ηεοσ
350 816 391 881 ab
415 814 495 882 Indo
519 813 648 881 homine
672 813 801 882 reddita
825 818 859 880 et
882 812 1065 880 narrationi
1088 814 1129 879 de
1152 813 1251 879 rebus
1273 810 1406 877 bellicis

235 920 430 1004 interposita
454 920 596 1004 epistula
619 920 689 990 sina
712 921 810 988 dubio
835 942 855 988 a
878 922 1083 1006 Ptolemaeo,
1114 921 1167 986 oui
1191 919 1404 1001 medullata,

235 1027 409 1096 memoriae
433 1033 484 1094 est
507 1029 647 1112 prodita.

324 1136 512 1203 Alexander
536 1140 569 1202 et
592 1135 659 1201 alia
682 1137 722 1202 de
745 1134 841 1202 India
864 1145 898 1200 et
921 1133 988 1200 Nili
1011 1133 1120 1202 fontes
1153 1151 1187 1200 se
1217 1131 1407 1214 repperisse

236 1241 369 1325 scripsit
404 1244 446 1309 ad
479 1247 632 1309 matrem:
666 1243 799 1310 interim
830 1260 943 1309 errore
973 1241 1105 1326 cognito
1140 1259 1223 1322 quae
1255 1241 1297 1306 de
1328 1238 1406 1306 Nilo
1500 1328 1501 1336 ρ

237 1350 413 1432 scripserat
437 1334 606 1433 expunnit.
630 1350 762 1417 Arrian.
787 1350 845 1434 Vl,
871 1349 923 1434 1‚4
948 1369 995 1431 sq.

395 1496 444 1554 καὶ
466 1489 502 1571 δὴ
523 1496 573 1554 καὶ
595 1489 668 1572 πρὸς
690 1490 739 1572 την
759 1492 938 1570 Ὀλυμπιάδα
967 1491 1115 1575 ηρυίφοντα
1139 1491 1213 1572 ὑπὲρ
1236 1497 1290 1552 τῶν
1314 1489 1409 1550 Ἰνδῶν
1500 1491 1501 1495 ’

395 1608 444 1678 τῆς
467 1608 518 1680 γῆς
540 1593 614 1661 ἄλλα
637 1623 669 1661 τε
691 1597 805 1681 γράψαι
835 1602 886 1660 καὶ
916 1595 961 1662 ὅτι
992 1601 1090 1677 δοκοίη
1120 1601 1199 1675 αὐτῷ
1225 1591 1410 1679 ίξουρηκίναι

393 1714 443 1767 τοῦ
464 1706 572 1768 Νείλου
593 1703 646 1778 τίς
668 1705 772 1786 πηηοίς,
804 1717 917 1786 μικροῖς
948 1705 984 1784 δη
1006 1727 1065 1767 τισι
1087 1707 1137 1766 καὶ
1170 1701 1294 1784 φαύλοις
1328 1699 1409 1783 ὑπὲρ
1500 1762 1501 1784 3

394 1825 448 1874 τῶν
482 1810 651 1890 τηλικούτων
683 1807 920 1893 τεκμαιρόμενον·
962 1815 1023 1873 ἐπεὶ
1061 1810 1158 1889 με’ντοι
1196 1807 1411 1892 ἀτρεκέστερον
1500 1819 1501 1824 ’

396 1916 523 1999 ἐξήλεγξε
545 1915 582 1978 τὰ
610 1917 686 1997 ἀμφὶ
716 1929 756 1996 τῷ
779 1928 901 1996 ποταμῷ
927 1927 967 1995 τῷ
995 1919 1088 1996 Ἰνδῷ,
1124 1914 1197 1980 οὗτοι
1230 1913 1265 1995 δὴ
1294 1925 1413 1994 μαθεῖν
1500 1925 1501 1931 ’

395 2022 477 2107 παρὰ
510 2034 564 2088 τῶν
594 2027 748 2107 ἐπιχωρίων
779 2023 829 2086 τὸν
851 2022 904 2103 μὲν
936 2019 1090 2102 Ὑδάσπης
1121 2032 1160 2102 τῷ
1181 2021 1322 2101 Ἀκεσίνῃ,
1359 2019 1412 2084 τὸν
1500 2017 1501 2039 ;

390 2132 537 2208 Ἀκεσίνην
559 2132 589 2193 δὲ
605 2140 645 2209 τῷ
662 2132 739 2209 Ἰνδῷ
757 2129 837 2194 τότε
853 2129 927 2211 ὕδωρ
943 2126 1156 2211 ξυμβάλλοντας
1171 2133 1220 2192 καὶ
1234 2139 1274 2208 τῷ
1285 2127 1411 2207 ὀνόματι

396 2239 619 2321 ξίίλωίίθῦίίας,
650 2236 699 2300 τὸν
720 2236 811 2302 Ἰνδὸν
841 2237 872 2301 δὲ
896 2227 1044 2302 δκδιδοντα
1075 2233 1126 2318 ἤδη
1157 2244 1186 2309 ἐς
1208 2235 1258 2316 τηρ
1279 2235 1411 2317 mam

398 2343 566 2419 θάλασσαν,
594 2348 729 2425 δίστομον
750 2342 800 2408 τὸν
822 2344 911 2409 Ἰνδόν
935 2343 1016 2418 ὄντα,
1046 2325 1129 2408 οὐδέν
1151 2366 1180 2406 τι
1202 2345 1279 2421 αὐτῷ
1296 2353 1410 2423 προσῐρ

398 2475 446 2514 κον
468 2462 518 2532 της
540 2462 589 2534 γῆς
610 2463 659 2534 τῆς
681 2453 855 2539 Αἰγυπτίας,
879 2463 1033 2531 τηνικαῦτα
1057 2450 1089 2514 δὲ
1111 2460 1161 2531 τῆς
1183 2452 1335 2529 ἐπιστολῆς
1355 2460 1410 2526 τῆς

396 2557 469 2641 πρὸς
490 2557 540 2639 τὴν
562 2557 671 2640 μητέρα
693 2570 778 2622 τοῦτο
801 2557 834 2622 τὸ
858 2560 934 2639 ἀμφὶ
956 2571 999 2638 τῷ
1020 2557 1118 2635 Νείλῳ
1141 2557 1251 2639 γραφὲν
1274 2556 1408 2634 ἀφιλιΐν.

239 2705 332 2770 Haec
355 2701 495 2784 epistula
518 2709 584 2769 tam
609 2710 699 2770 arcte
723 2722 796 2770 oum
820 2701 1009 2770 narratione
1033 2703 1196 2779 cohaeret,
1221 2705 1258 2765 ut
1281 2704 1315 2764 et
1338 2699 1409 2781 epi·
1500 2697 1501 2736 ἓ

239 2808 357 2874 atulam
382 2815 415 2874 et
438 2808 659 2876 narrationem
684 2827 725 2874 ex
749 2809 862 2875 eodem
886 2809 975 2874 fonte
994 2807 1187 2890 profluxisse
1203 2805 1237 2871 in
1252 2809 1410 2887 promptu

241 2913 292 2981 sit
330 2915 486 2982 Narratio
503 2922 611 2982 autem
627 2915 744 2982 iisdem
759 2914 828 2983 fere
844 2913 953 2982 verbis
968 2913 1089 2996 legitur
1104 2913 1192 2995 apud
1208 2913 1408 2980 Strabonem

238 3021 312 3102 XV,
336 3019 469 3105 69626,
502 3022 557 3102 qui
580 3041 664 3102 quae
689 3021 823 3104 exponit
846 3039 886 3086 ex
908 3019 1053 3086 Nearchi
1075 3019 1159 3085 libro
1191 3017 1406 3101 deprompsit.

240 3128 331 3210 Quae
354 3145 425 3195 cum
441 3127 490 3194 ita
514 3131 580 3196 siut
602 3131 806 3212 perspicuum
823 3133 874 3196 est
888 3127 1062 3212 epistulam
1086 3145 1106 3192 a
1121 3124 1269 3193 Nearcho
1285 3144 1408 3191 memo-

240 3233 314 3301 riae
338 3233 500 3317 proditam
524 3253 597 3302 esse
605 3234 641 3321 1),
666 3253 802 3316 eamque
825 3253 938 3302 veram
962 3251 1035 3300 esne
1066 3237 1204 3316 apparet
1231 3230 1329 3297 etiam
1363 3250 1407 3297 ex

239 3339 351 3410 Verbis
385 3341 539 3420 castancto
573 3343 603 3404 tl
637 3337 686 3420 της
719 3337 870 3422 ἐπιστολῆς
903 3337 955 3420 της
987 3337 1061 3422 πρός
1094 3337 1144 3419 τὴν
1176 3342 1286 3418 μητίρα
1320 3333 1407 3401 τοῦτο

329 3590 349 3658 ¹)
367 3589 486 3644 Schoene
503 3589 565 3644 ibid.
584 3605 609 3658 p.
628 3589 675 3659 323
696 3591 723 3643 et
739 3589 867 3644 Fracnluel
884 3589 945 3643 ibid.
965 3606 989 3659 p.
1003 3589 1053 3642 127
1073 3604 1112 3658 sq.
1132 3589 1159 3641 et
1176 3605 1201 3657 p.
1220 3587 1286 3657 2813
1307 3588 1334 3640 et
1345 3587 1405 3640 Pri-

240 3680 284 3734 dik
301 3697 327 3748 p.
346 3681 381 3737 89
400 3695 435 3732 ex
459 3677 595 3732 Strabonis
618 3682 674 3747 XV,
701 3677 761 3747 707,
786 3680 821 3735 45
845 3679 1014 3748 conjecerunt
1037 3678 1107 3731 huno
1132 3676 1235 3730 Arriam
1258 3675 1346 3730 locum
1370 3691 1405 3730 ex

239 3767 384 3822 Aristobuli
409 3766 475 3823 libro
499 3769 632 3836 sumptum
657 3782 724 3822 esse.
760 3767 812 3821 Sed
837 3768 960 3838 quoniam
982 3783 1043 3821 oum
1067 3765 1171 3820 Arriani
1194 3764 1251 3820 loco
1274 3781 1329 3819 non
1352 3765 1403 3834 bic,

240 3857 287 3912 sed
305 3855 350 3909 ifle
368 3855 504 3910 Strabonis
523 3856 595 3910 locus
614 3857 740 3927 congruit,
760 3873 838 3927 quem
856 3872 935 3926 supra
953 3854 1065 3927 laudavi,
1084 3856 1112 3908 et
1122 3853 1305 3923 discrepantia
1325 3870 1402 3924 quam

241 3945 310 3999 inter
329 3944 432 4000 Arriam
460 3946 487 3999 et
504 3944 639 4000 Strabonis
657 3949 713 4016 XV,
738 3946 835 4016 69625
859 3945 946 4000 locum
974 3960 1033 4000 csse
1056 3943 1186 3998 Fraenkel
1210 3942 1279 4010 dicit,
1305 3942 1402 3996 nullius

240 4034 366 4088 momenti
384 4035 432 4104 ost,
451 4049 504 4088 non
524 4036 564 4088 esi
581 4035 690 4090 dubium
707 4035 771 4105 quin
785 4035 913 4088 Arrianus
932 4051 966 4088 ex
983 4033 1099 4092 Nearchi
1121 4031 1186 4086 libro
1204 4031 1401 4100 deprompserit.

240 4122 382 4177 Praeterea
399 4123 527 4180 Amanus
545 4124 573 4178 in
591 4125 669 4178 rebus
696 4123 788 4178 Indiae
811 4123 988 4178 describendis
1009 4121 1163 4178 Nearchum
1194 4121 1222 4175 in
1245 4120 1337 4192 primis
1360 4135 1399 4176 ue·

241 4210 341 4281 quitur:
361 4213 392 4266 of.
414 4213 472 4266 Aur.
492 4213 525 4283 V,
543 4215 602 4283 o,1;
620 4213 667 4283 VI,
686 4212 755 4283 aab.
